<ENVELOPE><HEADER><TALLYREQUEST>Import Data</TALLYREQUEST></HEADER><BODY><IMPORTDATA><REQUESTDESC><REPORTNAME>Vouchers</REPORTNAME><STATICVARIABLES><SVCURRENTCOMPANY>FOLKSY ENTERPRISES</SVCURRENTCOMPANY></STATICVARIABLES></REQUESTDESC><REQUESTDATA><TALLYMESSAGE><VOUCHER REMOTEID="3feed323-e41a-4413-970e-e32f83632746-WS684toWS704" VCHTYPE="Sales" ACTION="Create" OBJVIEW="Accounting Voucher View"><DATE>20231101</DATE><GUID>3feed323-e41a-4413-970e-e32f83632746-WS684toWS704</GUID><NARRATION>Replace with Narration</NARRATION><VOUCHERTYPENAME>Sales</VOUCHERTYPENAME><REFERENCE>WS684toWS704</REFERENCE><VOUCHERNUMBER>WS684toWS704</VOUCHERNUMBER><PERSISTEDVIEW>Accounting Voucher View</PERSISTEDVIEW><ALLLEDGERENTRIES.LIST><LEDGERNAME>Retail_Customer</LEDGERNAME><ISDEEMEDPOSITIVE>Yes</ISDEEMEDPOSITIVE><REMOVEZEROENTRIES>No</REMOVEZEROENTRIES><AMOUNT>-61220.0</AMOUNT></ALLLEDGERENTRIES.LIST><ALLLEDGERENTRIES.LIST><LEDGERNAME>Sales @ 5% GST</LEDGERNAME><ISDEEMEDPOSITIVE>No</ISDEEMEDPOSITIVE><REMOVEZEROENTRIES>No</REMOVEZEROENTRIES><AMOUNT>35653.34</AMOUNT></ALLLEDGERENTRIES.LIST><ALLLEDGERENTRIES.LIST><LEDGERNAME>CGST 2.5%</LEDGERNAME><ISDEEMEDPOSITIVE>No</ISDEEMEDPOSITIVE><REMOVEZEROENTRIES>No</REMOVEZEROENTRIES><AMOUNT>891.33</AMOUNT></ALLLEDGERENTRIES.LIST><ALLLEDGERENTRIES.LIST><LEDGERNAME>SGST 2.5%</LEDGERNAME><ISDEEMEDPOSITIVE>No</ISDEEMEDPOSITIVE><REMOVEZEROENTRIES>No</REMOVEZEROENTRIES><AMOUNT>891.33</AMOUNT></ALLLEDGERENTRIES.LIST><ALLLEDGERENTRIES.LIST><LEDGERNAME>Sales @ 12% GST</LEDGERNAME><ISDEEMEDPOSITIVE>No</ISDEEMEDPOSITIVE><REMOVEZEROENTRIES>No</REMOVEZEROENTRIES><AMOUNT>21235.7</AMOUNT></ALLLEDGERENTRIES.LIST><ALLLEDGERENTRIES.LIST><LEDGERNAME>CGST 6%</LEDGERNAME><ISDEEMEDPOSITIVE>No</ISDEEMEDPOSITIVE><REMOVEZEROENTRIES>No</REMOVEZEROENTRIES><AMOUNT>1274.15</AMOUNT></ALLLEDGERENTRIES.LIST><ALLLEDGERENTRIES.LIST><LEDGERNAME>SGST 6%</LEDGERNAME><ISDEEMEDPOSITIVE>No</ISDEEMEDPOSITIVE><REMOVEZEROENTRIES>No</REMOVEZEROENTRIES><AMOUNT>1274.15</AMOUNT></ALLLEDGERENTRIES.LIST><ALLLEDGERENTRIES.LIST><LEDGERNAME>Round off</LEDGERNAME><ISDEEMEDPOSITIVE>Yes</ISDEEMEDPOSITIVE><REMOVEZEROENTRIES>No</REMOVEZEROENTRIES><AMOUNT>-0.0</AMOUNT></ALLLEDGERENTRIES.LIST></VOUCHER></TALLYMESSAGE><TALLYMESSAGE><VOUCHER REMOTEID="3feed323-e41a-4413-970e-e32f83632746-WS705toWS739" VCHTYPE="Sales" ACTION="Create" OBJVIEW="Accounting Voucher View"><DATE>20231102</DATE><GUID>3feed323-e41a-4413-970e-e32f83632746-WS705toWS739</GUID><NARRATION>Replace with Narration</NARRATION><VOUCHERTYPENAME>Sales</VOUCHERTYPENAME><REFERENCE>WS705toWS739</REFERENCE><VOUCHERNUMBER>WS705toWS739</VOUCHERNUMBER><PERSISTEDVIEW>Accounting Voucher View</PERSISTEDVIEW><ALLLEDGERENTRIES.LIST><LEDGERNAME>Retail_Customer</LEDGERNAME><ISDEEMEDPOSITIVE>Yes</ISDEEMEDPOSITIVE><REMOVEZEROENTRIES>No</REMOVEZEROENTRIES><AMOUNT>-114787.0</AMOUNT></ALLLEDGERENTRIES.LIST><ALLLEDGERENTRIES.LIST><LEDGERNAME>Sales @ 5% GST</LEDGERNAME><ISDEEMEDPOSITIVE>No</ISDEEMEDPOSITIVE><REMOVEZEROENTRIES>No</REMOVEZEROENTRIES><AMOUNT>78665.74</AMOUNT></ALLLEDGERENTRIES.LIST><ALLLEDGERENTRIES.LIST><LEDGERNAME>CGST 2.5%</LEDGERNAME><ISDEEMEDPOSITIVE>No</ISDEEMEDPOSITIVE><REMOVEZEROENTRIES>No</REMOVEZEROENTRIES><AMOUNT>1966.63</AMOUNT></ALLLEDGERENTRIES.LIST><ALLLEDGERENTRIES.LIST><LEDGERNAME>SGST 2.5%</LEDGERNAME><ISDEEMEDPOSITIVE>No</ISDEEMEDPOSITIVE><REMOVEZEROENTRIES>No</REMOVEZEROENTRIES><AMOUNT>1966.63</AMOUNT></ALLLEDGERENTRIES.LIST><ALLLEDGERENTRIES.LIST><LEDGERNAME>Sales @ 12% GST</LEDGERNAME><ISDEEMEDPOSITIVE>No</ISDEEMEDPOSITIVE><REMOVEZEROENTRIES>No</REMOVEZEROENTRIES><AMOUNT>28739.31</AMOUNT></ALLLEDGERENTRIES.LIST><ALLLEDGERENTRIES.LIST><LEDGERNAME>CGST 6%</LEDGERNAME><ISDEEMEDPOSITIVE>No</ISDEEMEDPOSITIVE><REMOVEZEROENTRIES>No</REMOVEZEROENTRIES><AMOUNT>1724.34</AMOUNT></ALLLEDGERENTRIES.LIST><ALLLEDGERENTRIES.LIST><LEDGERNAME>SGST 6%</LEDGERNAME><ISDEEMEDPOSITIVE>No</ISDEEMEDPOSITIVE><REMOVEZEROENTRIES>No</REMOVEZEROENTRIES><AMOUNT>1724.34</AMOUNT></ALLLEDGERENTRIES.LIST><ALLLEDGERENTRIES.LIST><LEDGERNAME>Round off</LEDGERNAME><ISDEEMEDPOSITIVE>No</ISDEEMEDPOSITIVE><REMOVEZEROENTRIES>No</REMOVEZEROENTRIES><AMOUNT>0.01</AMOUNT></ALLLEDGERENTRIES.LIST></VOUCHER></TALLYMESSAGE><TALLYMESSAGE><VOUCHER REMOTEID="3feed323-e41a-4413-970e-e32f83632746-WS740toWS765" VCHTYPE="Sales" ACTION="Create" OBJVIEW="Accounting Voucher View"><DATE>20231103</DATE><GUID>3feed323-e41a-4413-970e-e32f83632746-WS740toWS765</GUID><NARRATION>Replace with Narration</NARRATION><VOUCHERTYPENAME>Sales</VOUCHERTYPENAME><REFERENCE>WS740toWS765</REFERENCE><VOUCHERNUMBER>WS740toWS765</VOUCHERNUMBER><PERSISTEDVIEW>Accounting Voucher View</PERSISTEDVIEW><ALLLEDGERENTRIES.LIST><LEDGERNAME>Retail_Customer</LEDGERNAME><ISDEEMEDPOSITIVE>Yes</ISDEEMEDPOSITIVE><REMOVEZEROENTRIES>No</REMOVEZEROENTRIES><AMOUNT>-81180.0</AMOUNT></ALLLEDGERENTRIES.LIST><ALLLEDGERENTRIES.LIST><LEDGERNAME>Sales @ 5% GST</LEDGERNAME><ISDEEMEDPOSITIVE>No</ISDEEMEDPOSITIVE><REMOVEZEROENTRIES>No</REMOVEZEROENTRIES><AMOUNT>49333.38</AMOUNT></ALLLEDGERENTRIES.LIST><ALLLEDGERENTRIES.LIST><LEDGERNAME>CGST 2.5%</LEDGERNAME><ISDEEMEDPOSITIVE>No</ISDEEMEDPOSITIVE><REMOVEZEROENTRIES>No</REMOVEZEROENTRIES><AMOUNT>1233.31</AMOUNT></ALLLEDGERENTRIES.LIST><ALLLEDGERENTRIES.LIST><LEDGERNAME>SGST 2.5%</LEDGERNAME><ISDEEMEDPOSITIVE>No</ISDEEMEDPOSITIVE><REMOVEZEROENTRIES>No</REMOVEZEROENTRIES><AMOUNT>1233.31</AMOUNT></ALLLEDGERENTRIES.LIST><ALLLEDGERENTRIES.LIST><LEDGERNAME>Sales @ 12% GST</LEDGERNAME><ISDEEMEDPOSITIVE>No</ISDEEMEDPOSITIVE><REMOVEZEROENTRIES>No</REMOVEZEROENTRIES><AMOUNT>26232.18</AMOUNT></ALLLEDGERENTRIES.LIST><ALLLEDGERENTRIES.LIST><LEDGERNAME>CGST 6%</LEDGERNAME><ISDEEMEDPOSITIVE>No</ISDEEMEDPOSITIVE><REMOVEZEROENTRIES>No</REMOVEZEROENTRIES><AMOUNT>1573.91</AMOUNT></ALLLEDGERENTRIES.LIST><ALLLEDGERENTRIES.LIST><LEDGERNAME>SGST 6%</LEDGERNAME><ISDEEMEDPOSITIVE>No</ISDEEMEDPOSITIVE><REMOVEZEROENTRIES>No</REMOVEZEROENTRIES><AMOUNT>1573.91</AMOUNT></ALLLEDGERENTRIES.LIST><ALLLEDGERENTRIES.LIST><LEDGERNAME>Round off</LEDGERNAME><ISDEEMEDPOSITIVE>Yes</ISDEEMEDPOSITIVE><REMOVEZEROENTRIES>No</REMOVEZEROENTRIES><AMOUNT>-0.0</AMOUNT></ALLLEDGERENTRIES.LIST></VOUCHER></TALLYMESSAGE><TALLYMESSAGE><VOUCHER REMOTEID="3feed323-e41a-4413-970e-e32f83632746-WS766toWS845" VCHTYPE="Sales" ACTION="Create" OBJVIEW="Accounting Voucher View"><DATE>20231104</DATE><GUID>3feed323-e41a-4413-970e-e32f83632746-WS766toWS845</GUID><NARRATION>Replace with Narration</NARRATION><VOUCHERTYPENAME>Sales</VOUCHERTYPENAME><REFERENCE>WS766toWS845</REFERENCE><VOUCHERNUMBER>WS766toWS845</VOUCHERNUMBER><PERSISTEDVIEW>Accounting Voucher View</PERSISTEDVIEW><ALLLEDGERENTRIES.LIST><LEDGERNAME>Retail_Customer</LEDGERNAME><ISDEEMEDPOSITIVE>Yes</ISDEEMEDPOSITIVE><REMOVEZEROENTRIES>No</REMOVEZEROENTRIES><AMOUNT>-213781.0</AMOUNT></ALLLEDGERENTRIES.LIST><ALLLEDGERENTRIES.LIST><LEDGERNAME>Sales @ 5% GST</LEDGERNAME><ISDEEMEDPOSITIVE>No</ISDEEMEDPOSITIVE><REMOVEZEROENTRIES>No</REMOVEZEROENTRIES><AMOUNT>151056.28</AMOUNT></ALLLEDGERENTRIES.LIST><ALLLEDGERENTRIES.LIST><LEDGERNAME>CGST 2.5%</LEDGERNAME><ISDEEMEDPOSITIVE>No</ISDEEMEDPOSITIVE><REMOVEZEROENTRIES>No</REMOVEZEROENTRIES><AMOUNT>3776.36</AMOUNT></ALLLEDGERENTRIES.LIST><ALLLEDGERENTRIES.LIST><LEDGERNAME>SGST 2.5%</LEDGERNAME><ISDEEMEDPOSITIVE>No</ISDEEMEDPOSITIVE><REMOVEZEROENTRIES>No</REMOVEZEROENTRIES><AMOUNT>3776.36</AMOUNT></ALLLEDGERENTRIES.LIST><ALLLEDGERENTRIES.LIST><LEDGERNAME>Sales @ 12% GST</LEDGERNAME><ISDEEMEDPOSITIVE>No</ISDEEMEDPOSITIVE><REMOVEZEROENTRIES>No</REMOVEZEROENTRIES><AMOUNT>49260.74</AMOUNT></ALLLEDGERENTRIES.LIST><ALLLEDGERENTRIES.LIST><LEDGERNAME>CGST 6%</LEDGERNAME><ISDEEMEDPOSITIVE>No</ISDEEMEDPOSITIVE><REMOVEZEROENTRIES>No</REMOVEZEROENTRIES><AMOUNT>2955.63</AMOUNT></ALLLEDGERENTRIES.LIST><ALLLEDGERENTRIES.LIST><LEDGERNAME>SGST 6%</LEDGERNAME><ISDEEMEDPOSITIVE>No</ISDEEMEDPOSITIVE><REMOVEZEROENTRIES>No</REMOVEZEROENTRIES><AMOUNT>2955.63</AMOUNT></ALLLEDGERENTRIES.LIST><ALLLEDGERENTRIES.LIST><LEDGERNAME>Round off</LEDGERNAME><ISDEEMEDPOSITIVE>Yes</ISDEEMEDPOSITIVE><REMOVEZEROENTRIES>No</REMOVEZEROENTRIES><AMOUNT>0.0</AMOUNT></ALLLEDGERENTRIES.LIST></VOUCHER></TALLYMESSAGE><TALLYMESSAGE><VOUCHER REMOTEID="3feed323-e41a-4413-970e-e32f83632746-WS846toWS942" VCHTYPE="Sales" ACTION="Create" OBJVIEW="Accounting Voucher View"><DATE>20231105</DATE><GUID>3feed323-e41a-4413-970e-e32f83632746-WS846toWS942</GUID><NARRATION>Replace with Narration</NARRATION><VOUCHERTYPENAME>Sales</VOUCHERTYPENAME><REFERENCE>WS846toWS942</REFERENCE><VOUCHERNUMBER>WS846toWS942</VOUCHERNUMBER><PERSISTEDVIEW>Accounting Voucher View</PERSISTEDVIEW><ALLLEDGERENTRIES.LIST><LEDGERNAME>Retail_Customer</LEDGERNAME><ISDEEMEDPOSITIVE>Yes</ISDEEMEDPOSITIVE><REMOVEZEROENTRIES>No</REMOVEZEROENTRIES><AMOUNT>-232296.0</AMOUNT></ALLLEDGERENTRIES.LIST><ALLLEDGERENTRIES.LIST><LEDGERNAME>Sales @ 5% GST</LEDGERNAME><ISDEEMEDPOSITIVE>No</ISDEEMEDPOSITIVE><REMOVEZEROENTRIES>No</REMOVEZEROENTRIES><AMOUNT>176129.53</AMOUNT></ALLLEDGERENTRIES.LIST><ALLLEDGERENTRIES.LIST><LEDGERNAME>CGST 2.5%</LEDGERNAME><ISDEEMEDPOSITIVE>No</ISDEEMEDPOSITIVE><REMOVEZEROENTRIES>No</REMOVEZEROENTRIES><AMOUNT>4403.23</AMOUNT></ALLLEDGERENTRIES.LIST><ALLLEDGERENTRIES.LIST><LEDGERNAME>SGST 2.5%</LEDGERNAME><ISDEEMEDPOSITIVE>No</ISDEEMEDPOSITIVE><REMOVEZEROENTRIES>No</REMOVEZEROENTRIES><AMOUNT>4403.23</AMOUNT></ALLLEDGERENTRIES.LIST><ALLLEDGERENTRIES.LIST><LEDGERNAME>Sales @ 12% GST</LEDGERNAME><ISDEEMEDPOSITIVE>No</ISDEEMEDPOSITIVE><REMOVEZEROENTRIES>No</REMOVEZEROENTRIES><AMOUNT>42285.7</AMOUNT></ALLLEDGERENTRIES.LIST><ALLLEDGERENTRIES.LIST><LEDGERNAME>CGST 6%</LEDGERNAME><ISDEEMEDPOSITIVE>No</ISDEEMEDPOSITIVE><REMOVEZEROENTRIES>No</REMOVEZEROENTRIES><AMOUNT>2537.15</AMOUNT></ALLLEDGERENTRIES.LIST><ALLLEDGERENTRIES.LIST><LEDGERNAME>SGST 6%</LEDGERNAME><ISDEEMEDPOSITIVE>No</ISDEEMEDPOSITIVE><REMOVEZEROENTRIES>No</REMOVEZEROENTRIES><AMOUNT>2537.15</AMOUNT></ALLLEDGERENTRIES.LIST><ALLLEDGERENTRIES.LIST><LEDGERNAME>Round off</LEDGERNAME><ISDEEMEDPOSITIVE>No</ISDEEMEDPOSITIVE><REMOVEZEROENTRIES>No</REMOVEZEROENTRIES><AMOUNT>0.01</AMOUNT></ALLLEDGERENTRIES.LIST></VOUCHER></TALLYMESSAGE><TALLYMESSAGE><VOUCHER REMOTEID="3feed323-e41a-4413-970e-e32f83632746-WS943toWS996" VCHTYPE="Sales" ACTION="Create" OBJVIEW="Accounting Voucher View"><DATE>20231106</DATE><GUID>3feed323-e41a-4413-970e-e32f83632746-WS943toWS996</GUID><NARRATION>Replace with Narration</NARRATION><VOUCHERTYPENAME>Sales</VOUCHERTYPENAME><REFERENCE>WS943toWS996</REFERENCE><VOUCHERNUMBER>WS943toWS996</VOUCHERNUMBER><PERSISTEDVIEW>Accounting Voucher View</PERSISTEDVIEW><ALLLEDGERENTRIES.LIST><LEDGERNAME>Retail_Customer</LEDGERNAME><ISDEEMEDPOSITIVE>Yes</ISDEEMEDPOSITIVE><REMOVEZEROENTRIES>No</REMOVEZEROENTRIES><AMOUNT>-121227.0</AMOUNT></ALLLEDGERENTRIES.LIST><ALLLEDGERENTRIES.LIST><LEDGERNAME>Sales @ 5% GST</LEDGERNAME><ISDEEMEDPOSITIVE>No</ISDEEMEDPOSITIVE><REMOVEZEROENTRIES>No</REMOVEZEROENTRIES><AMOUNT>81734.42</AMOUNT></ALLLEDGERENTRIES.LIST><ALLLEDGERENTRIES.LIST><LEDGERNAME>CGST 2.5%</LEDGERNAME><ISDEEMEDPOSITIVE>No</ISDEEMEDPOSITIVE><REMOVEZEROENTRIES>No</REMOVEZEROENTRIES><AMOUNT>2043.29</AMOUNT></ALLLEDGERENTRIES.LIST><ALLLEDGERENTRIES.LIST><LEDGERNAME>SGST 2.5%</LEDGERNAME><ISDEEMEDPOSITIVE>No</ISDEEMEDPOSITIVE><REMOVEZEROENTRIES>No</REMOVEZEROENTRIES><AMOUNT>2043.29</AMOUNT></ALLLEDGERENTRIES.LIST><ALLLEDGERENTRIES.LIST><LEDGERNAME>Sales @ 12% GST</LEDGERNAME><ISDEEMEDPOSITIVE>No</ISDEEMEDPOSITIVE><REMOVEZEROENTRIES>No</REMOVEZEROENTRIES><AMOUNT>31612.48</AMOUNT></ALLLEDGERENTRIES.LIST><ALLLEDGERENTRIES.LIST><LEDGERNAME>CGST 6%</LEDGERNAME><ISDEEMEDPOSITIVE>No</ISDEEMEDPOSITIVE><REMOVEZEROENTRIES>No</REMOVEZEROENTRIES><AMOUNT>1896.76</AMOUNT></ALLLEDGERENTRIES.LIST><ALLLEDGERENTRIES.LIST><LEDGERNAME>SGST 6%</LEDGERNAME><ISDEEMEDPOSITIVE>No</ISDEEMEDPOSITIVE><REMOVEZEROENTRIES>No</REMOVEZEROENTRIES><AMOUNT>1896.76</AMOUNT></ALLLEDGERENTRIES.LIST><ALLLEDGERENTRIES.LIST><LEDGERNAME>Round off</LEDGERNAME><ISDEEMEDPOSITIVE>Yes</ISDEEMEDPOSITIVE><REMOVEZEROENTRIES>No</REMOVEZEROENTRIES><AMOUNT>0.0</AMOUNT></ALLLEDGERENTRIES.LIST></VOUCHER></TALLYMESSAGE><TALLYMESSAGE><VOUCHER REMOTEID="3feed323-e41a-4413-970e-e32f83632746-WS997toWS1031" VCHTYPE="Sales" ACTION="Create" OBJVIEW="Accounting Voucher View"><DATE>20231107</DATE><GUID>3feed323-e41a-4413-970e-e32f83632746-WS997toWS1031</GUID><NARRATION>Replace with Narration</NARRATION><VOUCHERTYPENAME>Sales</VOUCHERTYPENAME><REFERENCE>WS997toWS1031</REFERENCE><VOUCHERNUMBER>WS997toWS1031</VOUCHERNUMBER><PERSISTEDVIEW>Accounting Voucher View</PERSISTEDVIEW><ALLLEDGERENTRIES.LIST><LEDGERNAME>Retail_Customer</LEDGERNAME><ISDEEMEDPOSITIVE>Yes</ISDEEMEDPOSITIVE><REMOVEZEROENTRIES>No</REMOVEZEROENTRIES><AMOUNT>-67802.0</AMOUNT></ALLLEDGERENTRIES.LIST><ALLLEDGERENTRIES.LIST><LEDGERNAME>Sales @ 5% GST</LEDGERNAME><ISDEEMEDPOSITIVE>No</ISDEEMEDPOSITIVE><REMOVEZEROENTRIES>No</REMOVEZEROENTRIES><AMOUNT>49080.06</AMOUNT></ALLLEDGERENTRIES.LIST><ALLLEDGERENTRIES.LIST><LEDGERNAME>CGST 2.5%</LEDGERNAME><ISDEEMEDPOSITIVE>No</ISDEEMEDPOSITIVE><REMOVEZEROENTRIES>No</REMOVEZEROENTRIES><AMOUNT>1226.97</AMOUNT></ALLLEDGERENTRIES.LIST><ALLLEDGERENTRIES.LIST><LEDGERNAME>SGST 2.5%</LEDGERNAME><ISDEEMEDPOSITIVE>No</ISDEEMEDPOSITIVE><REMOVEZEROENTRIES>No</REMOVEZEROENTRIES><AMOUNT>1226.97</AMOUNT></ALLLEDGERENTRIES.LIST><ALLLEDGERENTRIES.LIST><LEDGERNAME>Sales @ 12% GST</LEDGERNAME><ISDEEMEDPOSITIVE>No</ISDEEMEDPOSITIVE><REMOVEZEROENTRIES>No</REMOVEZEROENTRIES><AMOUNT>14525.03</AMOUNT></ALLLEDGERENTRIES.LIST><ALLLEDGERENTRIES.LIST><LEDGERNAME>CGST 6%</LEDGERNAME><ISDEEMEDPOSITIVE>No</ISDEEMEDPOSITIVE><REMOVEZEROENTRIES>No</REMOVEZEROENTRIES><AMOUNT>871.48</AMOUNT></ALLLEDGERENTRIES.LIST><ALLLEDGERENTRIES.LIST><LEDGERNAME>SGST 6%</LEDGERNAME><ISDEEMEDPOSITIVE>No</ISDEEMEDPOSITIVE><REMOVEZEROENTRIES>No</REMOVEZEROENTRIES><AMOUNT>871.48</AMOUNT></ALLLEDGERENTRIES.LIST><ALLLEDGERENTRIES.LIST><LEDGERNAME>Round off</LEDGERNAME><ISDEEMEDPOSITIVE>No</ISDEEMEDPOSITIVE><REMOVEZEROENTRIES>No</REMOVEZEROENTRIES><AMOUNT>0.01</AMOUNT></ALLLEDGERENTRIES.LIST></VOUCHER></TALLYMESSAGE><TALLYMESSAGE><VOUCHER REMOTEID="3feed323-e41a-4413-970e-e32f83632746-WS1032toWS1071" VCHTYPE="Sales" ACTION="Create" OBJVIEW="Accounting Voucher View"><DATE>20231108</DATE><GUID>3feed323-e41a-4413-970e-e32f83632746-WS1032toWS1071</GUID><NARRATION>Replace with Narration</NARRATION><VOUCHERTYPENAME>Sales</VOUCHERTYPENAME><REFERENCE>WS1032toWS1071</REFERENCE><VOUCHERNUMBER>WS1032toWS1071</VOUCHERNUMBER><PERSISTEDVIEW>Accounting Voucher View</PERSISTEDVIEW><ALLLEDGERENTRIES.LIST><LEDGERNAME>Retail_Customer</LEDGERNAME><ISDEEMEDPOSITIVE>Yes</ISDEEMEDPOSITIVE><REMOVEZEROENTRIES>No</REMOVEZEROENTRIES><AMOUNT>-91817.0</AMOUNT></ALLLEDGERENTRIES.LIST><ALLLEDGERENTRIES.LIST><LEDGERNAME>Sales @ 5% GST</LEDGERNAME><ISDEEMEDPOSITIVE>No</ISDEEMEDPOSITIVE><REMOVEZEROENTRIES>No</REMOVEZEROENTRIES><AMOUNT>58731.49</AMOUNT></ALLLEDGERENTRIES.LIST><ALLLEDGERENTRIES.LIST><LEDGERNAME>CGST 2.5%</LEDGERNAME><ISDEEMEDPOSITIVE>No</ISDEEMEDPOSITIVE><REMOVEZEROENTRIES>No</REMOVEZEROENTRIES><AMOUNT>1468.26</AMOUNT></ALLLEDGERENTRIES.LIST><ALLLEDGERENTRIES.LIST><LEDGERNAME>SGST 2.5%</LEDGERNAME><ISDEEMEDPOSITIVE>No</ISDEEMEDPOSITIVE><REMOVEZEROENTRIES>No</REMOVEZEROENTRIES><AMOUNT>1468.26</AMOUNT></ALLLEDGERENTRIES.LIST><ALLLEDGERENTRIES.LIST><LEDGERNAME>Sales @ 12% GST</LEDGERNAME><ISDEEMEDPOSITIVE>No</ISDEEMEDPOSITIVE><REMOVEZEROENTRIES>No</REMOVEZEROENTRIES><AMOUNT>26918.77</AMOUNT></ALLLEDGERENTRIES.LIST><ALLLEDGERENTRIES.LIST><LEDGERNAME>CGST 6%</LEDGERNAME><ISDEEMEDPOSITIVE>No</ISDEEMEDPOSITIVE><REMOVEZEROENTRIES>No</REMOVEZEROENTRIES><AMOUNT>1615.12</AMOUNT></ALLLEDGERENTRIES.LIST><ALLLEDGERENTRIES.LIST><LEDGERNAME>SGST 6%</LEDGERNAME><ISDEEMEDPOSITIVE>No</ISDEEMEDPOSITIVE><REMOVEZEROENTRIES>No</REMOVEZEROENTRIES><AMOUNT>1615.12</AMOUNT></ALLLEDGERENTRIES.LIST><ALLLEDGERENTRIES.LIST><LEDGERNAME>Round off</LEDGERNAME><ISDEEMEDPOSITIVE>Yes</ISDEEMEDPOSITIVE><REMOVEZEROENTRIES>No</REMOVEZEROENTRIES><AMOUNT>-0.02</AMOUNT></ALLLEDGERENTRIES.LIST></VOUCHER></TALLYMESSAGE><TALLYMESSAGE><VOUCHER REMOTEID="3feed323-e41a-4413-970e-e32f83632746-WS1072toWS1118" VCHTYPE="Sales" ACTION="Create" OBJVIEW="Accounting Voucher View"><DATE>20231109</DATE><GUID>3feed323-e41a-4413-970e-e32f83632746-WS1072toWS1118</GUID><NARRATION>Replace with Narration</NARRATION><VOUCHERTYPENAME>Sales</VOUCHERTYPENAME><REFERENCE>WS1072toWS1118</REFERENCE><VOUCHERNUMBER>WS1072toWS1118</VOUCHERNUMBER><PERSISTEDVIEW>Accounting Voucher View</PERSISTEDVIEW><ALLLEDGERENTRIES.LIST><LEDGERNAME>Retail_Customer</LEDGERNAME><ISDEEMEDPOSITIVE>Yes</ISDEEMEDPOSITIVE><REMOVEZEROENTRIES>No</REMOVEZEROENTRIES><AMOUNT>-123478.84</AMOUNT></ALLLEDGERENTRIES.LIST><ALLLEDGERENTRIES.LIST><LEDGERNAME>Sales @ 5% GST</LEDGERNAME><ISDEEMEDPOSITIVE>No</ISDEEMEDPOSITIVE><REMOVEZEROENTRIES>No</REMOVEZEROENTRIES><AMOUNT>92101.77</AMOUNT></ALLLEDGERENTRIES.LIST><ALLLEDGERENTRIES.LIST><LEDGERNAME>CGST 2.5%</LEDGERNAME><ISDEEMEDPOSITIVE>No</ISDEEMEDPOSITIVE><REMOVEZEROENTRIES>No</REMOVEZEROENTRIES><AMOUNT>2302.54</AMOUNT></ALLLEDGERENTRIES.LIST><ALLLEDGERENTRIES.LIST><LEDGERNAME>SGST 2.5%</LEDGERNAME><ISDEEMEDPOSITIVE>No</ISDEEMEDPOSITIVE><REMOVEZEROENTRIES>No</REMOVEZEROENTRIES><AMOUNT>2302.54</AMOUNT></ALLLEDGERENTRIES.LIST><ALLLEDGERENTRIES.LIST><LEDGERNAME>Sales @ 12% GST</LEDGERNAME><ISDEEMEDPOSITIVE>No</ISDEEMEDPOSITIVE><REMOVEZEROENTRIES>No</REMOVEZEROENTRIES><AMOUNT>23903.56</AMOUNT></ALLLEDGERENTRIES.LIST><ALLLEDGERENTRIES.LIST><LEDGERNAME>CGST 6%</LEDGERNAME><ISDEEMEDPOSITIVE>No</ISDEEMEDPOSITIVE><REMOVEZEROENTRIES>No</REMOVEZEROENTRIES><AMOUNT>1434.22</AMOUNT></ALLLEDGERENTRIES.LIST><ALLLEDGERENTRIES.LIST><LEDGERNAME>SGST 6%</LEDGERNAME><ISDEEMEDPOSITIVE>No</ISDEEMEDPOSITIVE><REMOVEZEROENTRIES>No</REMOVEZEROENTRIES><AMOUNT>1434.22</AMOUNT></ALLLEDGERENTRIES.LIST><ALLLEDGERENTRIES.LIST><LEDGERNAME>Round off</LEDGERNAME><ISDEEMEDPOSITIVE>Yes</ISDEEMEDPOSITIVE><REMOVEZEROENTRIES>No</REMOVEZEROENTRIES><AMOUNT>-0.01</AMOUNT></ALLLEDGERENTRIES.LIST></VOUCHER></TALLYMESSAGE><TALLYMESSAGE><VOUCHER REMOTEID="3feed323-e41a-4413-970e-e32f83632746-WS1119toWS1201" VCHTYPE="Sales" ACTION="Create" OBJVIEW="Accounting Voucher View"><DATE>20231110</DATE><GUID>3feed323-e41a-4413-970e-e32f83632746-WS1119toWS1201</GUID><NARRATION>Replace with Narration</NARRATION><VOUCHERTYPENAME>Sales</VOUCHERTYPENAME><REFERENCE>WS1119toWS1201</REFERENCE><VOUCHERNUMBER>WS1119toWS1201</VOUCHERNUMBER><PERSISTEDVIEW>Accounting Voucher View</PERSISTEDVIEW><ALLLEDGERENTRIES.LIST><LEDGERNAME>Retail_Customer</LEDGERNAME><ISDEEMEDPOSITIVE>Yes</ISDEEMEDPOSITIVE><REMOVEZEROENTRIES>No</REMOVEZEROENTRIES><AMOUNT>-234582.0</AMOUNT></ALLLEDGERENTRIES.LIST><ALLLEDGERENTRIES.LIST><LEDGERNAME>Sales @ 5% GST</LEDGERNAME><ISDEEMEDPOSITIVE>No</ISDEEMEDPOSITIVE><REMOVEZEROENTRIES>No</REMOVEZEROENTRIES><AMOUNT>144616.34</AMOUNT></ALLLEDGERENTRIES.LIST><ALLLEDGERENTRIES.LIST><LEDGERNAME>CGST 2.5%</LEDGERNAME><ISDEEMEDPOSITIVE>No</ISDEEMEDPOSITIVE><REMOVEZEROENTRIES>No</REMOVEZEROENTRIES><AMOUNT>3615.33</AMOUNT></ALLLEDGERENTRIES.LIST><ALLLEDGERENTRIES.LIST><LEDGERNAME>SGST 2.5%</LEDGERNAME><ISDEEMEDPOSITIVE>No</ISDEEMEDPOSITIVE><REMOVEZEROENTRIES>No</REMOVEZEROENTRIES><AMOUNT>3615.33</AMOUNT></ALLLEDGERENTRIES.LIST><ALLLEDGERENTRIES.LIST><LEDGERNAME>Sales @ 12% GST</LEDGERNAME><ISDEEMEDPOSITIVE>No</ISDEEMEDPOSITIVE><REMOVEZEROENTRIES>No</REMOVEZEROENTRIES><AMOUNT>73870.51</AMOUNT></ALLLEDGERENTRIES.LIST><ALLLEDGERENTRIES.LIST><LEDGERNAME>CGST 6%</LEDGERNAME><ISDEEMEDPOSITIVE>No</ISDEEMEDPOSITIVE><REMOVEZEROENTRIES>No</REMOVEZEROENTRIES><AMOUNT>4432.24</AMOUNT></ALLLEDGERENTRIES.LIST><ALLLEDGERENTRIES.LIST><LEDGERNAME>SGST 6%</LEDGERNAME><ISDEEMEDPOSITIVE>No</ISDEEMEDPOSITIVE><REMOVEZEROENTRIES>No</REMOVEZEROENTRIES><AMOUNT>4432.24</AMOUNT></ALLLEDGERENTRIES.LIST><ALLLEDGERENTRIES.LIST><LEDGERNAME>Round off</LEDGERNAME><ISDEEMEDPOSITIVE>No</ISDEEMEDPOSITIVE><REMOVEZEROENTRIES>No</REMOVEZEROENTRIES><AMOUNT>0.01</AMOUNT></ALLLEDGERENTRIES.LIST></VOUCHER></TALLYMESSAGE><TALLYMESSAGE><VOUCHER REMOTEID="3feed323-e41a-4413-970e-e32f83632746-WS1202toWS1397" VCHTYPE="Sales" ACTION="Create" OBJVIEW="Accounting Voucher View"><DATE>20231111</DATE><GUID>3feed323-e41a-4413-970e-e32f83632746-WS1202toWS1397</GUID><NARRATION>Replace with Narration</NARRATION><VOUCHERTYPENAME>Sales</VOUCHERTYPENAME><REFERENCE>WS1202toWS1397</REFERENCE><VOUCHERNUMBER>WS1202toWS1397</VOUCHERNUMBER><PERSISTEDVIEW>Accounting Voucher View</PERSISTEDVIEW><ALLLEDGERENTRIES.LIST><LEDGERNAME>Retail_Customer</LEDGERNAME><ISDEEMEDPOSITIVE>Yes</ISDEEMEDPOSITIVE><REMOVEZEROENTRIES>No</REMOVEZEROENTRIES><AMOUNT>-500028.0</AMOUNT></ALLLEDGERENTRIES.LIST><ALLLEDGERENTRIES.LIST><LEDGERNAME>Sales @ 5% GST</LEDGERNAME><ISDEEMEDPOSITIVE>No</ISDEEMEDPOSITIVE><REMOVEZEROENTRIES>No</REMOVEZEROENTRIES><AMOUNT>326080.22</AMOUNT></ALLLEDGERENTRIES.LIST><ALLLEDGERENTRIES.LIST><LEDGERNAME>CGST 2.5%</LEDGERNAME><ISDEEMEDPOSITIVE>No</ISDEEMEDPOSITIVE><REMOVEZEROENTRIES>No</REMOVEZEROENTRIES><AMOUNT>8151.89</AMOUNT></ALLLEDGERENTRIES.LIST><ALLLEDGERENTRIES.LIST><LEDGERNAME>SGST 2.5%</LEDGERNAME><ISDEEMEDPOSITIVE>No</ISDEEMEDPOSITIVE><REMOVEZEROENTRIES>No</REMOVEZEROENTRIES><AMOUNT>8151.89</AMOUNT></ALLLEDGERENTRIES.LIST><ALLLEDGERENTRIES.LIST><LEDGERNAME>Sales @ 12% GST</LEDGERNAME><ISDEEMEDPOSITIVE>No</ISDEEMEDPOSITIVE><REMOVEZEROENTRIES>No</REMOVEZEROENTRIES><AMOUNT>140753.57</AMOUNT></ALLLEDGERENTRIES.LIST><ALLLEDGERENTRIES.LIST><LEDGERNAME>CGST 6%</LEDGERNAME><ISDEEMEDPOSITIVE>No</ISDEEMEDPOSITIVE><REMOVEZEROENTRIES>No</REMOVEZEROENTRIES><AMOUNT>8445.22</AMOUNT></ALLLEDGERENTRIES.LIST><ALLLEDGERENTRIES.LIST><LEDGERNAME>SGST 6%</LEDGERNAME><ISDEEMEDPOSITIVE>No</ISDEEMEDPOSITIVE><REMOVEZEROENTRIES>No</REMOVEZEROENTRIES><AMOUNT>8445.22</AMOUNT></ALLLEDGERENTRIES.LIST><ALLLEDGERENTRIES.LIST><LEDGERNAME>Round off</LEDGERNAME><ISDEEMEDPOSITIVE>Yes</ISDEEMEDPOSITIVE><REMOVEZEROENTRIES>No</REMOVEZEROENTRIES><AMOUNT>-0.01</AMOUNT></ALLLEDGERENTRIES.LIST></VOUCHER></TALLYMESSAGE><TALLYMESSAGE><VOUCHER REMOTEID="3feed323-e41a-4413-970e-e32f83632746-WS1398toWS1445" VCHTYPE="Sales" ACTION="Create" OBJVIEW="Accounting Voucher View"><DATE>20231113</DATE><GUID>3feed323-e41a-4413-970e-e32f83632746-WS1398toWS1445</GUID><NARRATION>Replace with Narration</NARRATION><VOUCHERTYPENAME>Sales</VOUCHERTYPENAME><REFERENCE>WS1398toWS1445</REFERENCE><VOUCHERNUMBER>WS1398toWS1445</VOUCHERNUMBER><PERSISTEDVIEW>Accounting Voucher View</PERSISTEDVIEW><ALLLEDGERENTRIES.LIST><LEDGERNAME>Retail_Customer</LEDGERNAME><ISDEEMEDPOSITIVE>Yes</ISDEEMEDPOSITIVE><REMOVEZEROENTRIES>No</REMOVEZEROENTRIES><AMOUNT>-120792.0</AMOUNT></ALLLEDGERENTRIES.LIST><ALLLEDGERENTRIES.LIST><LEDGERNAME>Sales @ 5% GST</LEDGERNAME><ISDEEMEDPOSITIVE>No</ISDEEMEDPOSITIVE><REMOVEZEROENTRIES>No</REMOVEZEROENTRIES><AMOUNT>93978.14</AMOUNT></ALLLEDGERENTRIES.LIST><ALLLEDGERENTRIES.LIST><LEDGERNAME>CGST 2.5%</LEDGERNAME><ISDEEMEDPOSITIVE>No</ISDEEMEDPOSITIVE><REMOVEZEROENTRIES>No</REMOVEZEROENTRIES><AMOUNT>2349.43</AMOUNT></ALLLEDGERENTRIES.LIST><ALLLEDGERENTRIES.LIST><LEDGERNAME>SGST 2.5%</LEDGERNAME><ISDEEMEDPOSITIVE>No</ISDEEMEDPOSITIVE><REMOVEZEROENTRIES>No</REMOVEZEROENTRIES><AMOUNT>2349.43</AMOUNT></ALLLEDGERENTRIES.LIST><ALLLEDGERENTRIES.LIST><LEDGERNAME>Sales @ 12% GST</LEDGERNAME><ISDEEMEDPOSITIVE>No</ISDEEMEDPOSITIVE><REMOVEZEROENTRIES>No</REMOVEZEROENTRIES><AMOUNT>19745.56</AMOUNT></ALLLEDGERENTRIES.LIST><ALLLEDGERENTRIES.LIST><LEDGERNAME>CGST 6%</LEDGERNAME><ISDEEMEDPOSITIVE>No</ISDEEMEDPOSITIVE><REMOVEZEROENTRIES>No</REMOVEZEROENTRIES><AMOUNT>1184.72</AMOUNT></ALLLEDGERENTRIES.LIST><ALLLEDGERENTRIES.LIST><LEDGERNAME>SGST 6%</LEDGERNAME><ISDEEMEDPOSITIVE>No</ISDEEMEDPOSITIVE><REMOVEZEROENTRIES>No</REMOVEZEROENTRIES><AMOUNT>1184.72</AMOUNT></ALLLEDGERENTRIES.LIST><ALLLEDGERENTRIES.LIST><LEDGERNAME>Round off</LEDGERNAME><ISDEEMEDPOSITIVE>Yes</ISDEEMEDPOSITIVE><REMOVEZEROENTRIES>No</REMOVEZEROENTRIES><AMOUNT>-0.0</AMOUNT></ALLLEDGERENTRIES.LIST></VOUCHER></TALLYMESSAGE><TALLYMESSAGE><VOUCHER REMOTEID="3feed323-e41a-4413-970e-e32f83632746-WS1446toWS1476" VCHTYPE="Sales" ACTION="Create" OBJVIEW="Accounting Voucher View"><DATE>20231114</DATE><GUID>3feed323-e41a-4413-970e-e32f83632746-WS1446toWS1476</GUID><NARRATION>Replace with Narration</NARRATION><VOUCHERTYPENAME>Sales</VOUCHERTYPENAME><REFERENCE>WS1446toWS1476</REFERENCE><VOUCHERNUMBER>WS1446toWS1476</VOUCHERNUMBER><PERSISTEDVIEW>Accounting Voucher View</PERSISTEDVIEW><ALLLEDGERENTRIES.LIST><LEDGERNAME>Retail_Customer</LEDGERNAME><ISDEEMEDPOSITIVE>Yes</ISDEEMEDPOSITIVE><REMOVEZEROENTRIES>No</REMOVEZEROENTRIES><AMOUNT>-91184.0</AMOUNT></ALLLEDGERENTRIES.LIST><ALLLEDGERENTRIES.LIST><LEDGERNAME>Sales @ 5% GST</LEDGERNAME><ISDEEMEDPOSITIVE>No</ISDEEMEDPOSITIVE><REMOVEZEROENTRIES>No</REMOVEZEROENTRIES><AMOUNT>63163.88</AMOUNT></ALLLEDGERENTRIES.LIST><ALLLEDGERENTRIES.LIST><LEDGERNAME>CGST 2.5%</LEDGERNAME><ISDEEMEDPOSITIVE>No</ISDEEMEDPOSITIVE><REMOVEZEROENTRIES>No</REMOVEZEROENTRIES><AMOUNT>1579.06</AMOUNT></ALLLEDGERENTRIES.LIST><ALLLEDGERENTRIES.LIST><LEDGERNAME>SGST 2.5%</LEDGERNAME><ISDEEMEDPOSITIVE>No</ISDEEMEDPOSITIVE><REMOVEZEROENTRIES>No</REMOVEZEROENTRIES><AMOUNT>1579.06</AMOUNT></ALLLEDGERENTRIES.LIST><ALLLEDGERENTRIES.LIST><LEDGERNAME>Sales @ 12% GST</LEDGERNAME><ISDEEMEDPOSITIVE>No</ISDEEMEDPOSITIVE><REMOVEZEROENTRIES>No</REMOVEZEROENTRIES><AMOUNT>22198.27</AMOUNT></ALLLEDGERENTRIES.LIST><ALLLEDGERENTRIES.LIST><LEDGERNAME>CGST 6%</LEDGERNAME><ISDEEMEDPOSITIVE>No</ISDEEMEDPOSITIVE><REMOVEZEROENTRIES>No</REMOVEZEROENTRIES><AMOUNT>1331.86</AMOUNT></ALLLEDGERENTRIES.LIST><ALLLEDGERENTRIES.LIST><LEDGERNAME>SGST 6%</LEDGERNAME><ISDEEMEDPOSITIVE>No</ISDEEMEDPOSITIVE><REMOVEZEROENTRIES>No</REMOVEZEROENTRIES><AMOUNT>1331.86</AMOUNT></ALLLEDGERENTRIES.LIST><ALLLEDGERENTRIES.LIST><LEDGERNAME>Round off</LEDGERNAME><ISDEEMEDPOSITIVE>No</ISDEEMEDPOSITIVE><REMOVEZEROENTRIES>No</REMOVEZEROENTRIES><AMOUNT>0.01</AMOUNT></ALLLEDGERENTRIES.LIST></VOUCHER></TALLYMESSAGE><TALLYMESSAGE><VOUCHER REMOTEID="3feed323-e41a-4413-970e-e32f83632746-WS1477toWS1501" VCHTYPE="Sales" ACTION="Create" OBJVIEW="Accounting Voucher View"><DATE>20231115</DATE><GUID>3feed323-e41a-4413-970e-e32f83632746-WS1477toWS1501</GUID><NARRATION>Replace with Narration</NARRATION><VOUCHERTYPENAME>Sales</VOUCHERTYPENAME><REFERENCE>WS1477toWS1501</REFERENCE><VOUCHERNUMBER>WS1477toWS1501</VOUCHERNUMBER><PERSISTEDVIEW>Accounting Voucher View</PERSISTEDVIEW><ALLLEDGERENTRIES.LIST><LEDGERNAME>Retail_Customer</LEDGERNAME><ISDEEMEDPOSITIVE>Yes</ISDEEMEDPOSITIVE><REMOVEZEROENTRIES>No</REMOVEZEROENTRIES><AMOUNT>-52465.0</AMOUNT></ALLLEDGERENTRIES.LIST><ALLLEDGERENTRIES.LIST><LEDGERNAME>Sales @ 5% GST</LEDGERNAME><ISDEEMEDPOSITIVE>No</ISDEEMEDPOSITIVE><REMOVEZEROENTRIES>No</REMOVEZEROENTRIES><AMOUNT>32388.61</AMOUNT></ALLLEDGERENTRIES.LIST><ALLLEDGERENTRIES.LIST><LEDGERNAME>CGST 2.5%</LEDGERNAME><ISDEEMEDPOSITIVE>No</ISDEEMEDPOSITIVE><REMOVEZEROENTRIES>No</REMOVEZEROENTRIES><AMOUNT>809.7</AMOUNT></ALLLEDGERENTRIES.LIST><ALLLEDGERENTRIES.LIST><LEDGERNAME>SGST 2.5%</LEDGERNAME><ISDEEMEDPOSITIVE>No</ISDEEMEDPOSITIVE><REMOVEZEROENTRIES>No</REMOVEZEROENTRIES><AMOUNT>809.7</AMOUNT></ALLLEDGERENTRIES.LIST><ALLLEDGERENTRIES.LIST><LEDGERNAME>Sales @ 12% GST</LEDGERNAME><ISDEEMEDPOSITIVE>No</ISDEEMEDPOSITIVE><REMOVEZEROENTRIES>No</REMOVEZEROENTRIES><AMOUNT>16479.49</AMOUNT></ALLLEDGERENTRIES.LIST><ALLLEDGERENTRIES.LIST><LEDGERNAME>CGST 6%</LEDGERNAME><ISDEEMEDPOSITIVE>No</ISDEEMEDPOSITIVE><REMOVEZEROENTRIES>No</REMOVEZEROENTRIES><AMOUNT>988.76</AMOUNT></ALLLEDGERENTRIES.LIST><ALLLEDGERENTRIES.LIST><LEDGERNAME>SGST 6%</LEDGERNAME><ISDEEMEDPOSITIVE>No</ISDEEMEDPOSITIVE><REMOVEZEROENTRIES>No</REMOVEZEROENTRIES><AMOUNT>988.76</AMOUNT></ALLLEDGERENTRIES.LIST><ALLLEDGERENTRIES.LIST><LEDGERNAME>Round off</LEDGERNAME><ISDEEMEDPOSITIVE>Yes</ISDEEMEDPOSITIVE><REMOVEZEROENTRIES>No</REMOVEZEROENTRIES><AMOUNT>-0.02</AMOUNT></ALLLEDGERENTRIES.LIST></VOUCHER></TALLYMESSAGE><TALLYMESSAGE><VOUCHER REMOTEID="3feed323-e41a-4413-970e-e32f83632746-WS1502toWS1539" VCHTYPE="Sales" ACTION="Create" OBJVIEW="Accounting Voucher View"><DATE>20231116</DATE><GUID>3feed323-e41a-4413-970e-e32f83632746-WS1502toWS1539</GUID><NARRATION>Replace with Narration</NARRATION><VOUCHERTYPENAME>Sales</VOUCHERTYPENAME><REFERENCE>WS1502toWS1539</REFERENCE><VOUCHERNUMBER>WS1502toWS1539</VOUCHERNUMBER><PERSISTEDVIEW>Accounting Voucher View</PERSISTEDVIEW><ALLLEDGERENTRIES.LIST><LEDGERNAME>Retail_Customer</LEDGERNAME><ISDEEMEDPOSITIVE>Yes</ISDEEMEDPOSITIVE><REMOVEZEROENTRIES>No</REMOVEZEROENTRIES><AMOUNT>-90048.0</AMOUNT></ALLLEDGERENTRIES.LIST><ALLLEDGERENTRIES.LIST><LEDGERNAME>Sales @ 5% GST</LEDGERNAME><ISDEEMEDPOSITIVE>No</ISDEEMEDPOSITIVE><REMOVEZEROENTRIES>No</REMOVEZEROENTRIES><AMOUNT>61937.21</AMOUNT></ALLLEDGERENTRIES.LIST><ALLLEDGERENTRIES.LIST><LEDGERNAME>CGST 2.5%</LEDGERNAME><ISDEEMEDPOSITIVE>No</ISDEEMEDPOSITIVE><REMOVEZEROENTRIES>No</REMOVEZEROENTRIES><AMOUNT>1548.4</AMOUNT></ALLLEDGERENTRIES.LIST><ALLLEDGERENTRIES.LIST><LEDGERNAME>SGST 2.5%</LEDGERNAME><ISDEEMEDPOSITIVE>No</ISDEEMEDPOSITIVE><REMOVEZEROENTRIES>No</REMOVEZEROENTRIES><AMOUNT>1548.4</AMOUNT></ALLLEDGERENTRIES.LIST><ALLLEDGERENTRIES.LIST><LEDGERNAME>Sales @ 12% GST</LEDGERNAME><ISDEEMEDPOSITIVE>No</ISDEEMEDPOSITIVE><REMOVEZEROENTRIES>No</REMOVEZEROENTRIES><AMOUNT>22333.96</AMOUNT></ALLLEDGERENTRIES.LIST><ALLLEDGERENTRIES.LIST><LEDGERNAME>CGST 6%</LEDGERNAME><ISDEEMEDPOSITIVE>No</ISDEEMEDPOSITIVE><REMOVEZEROENTRIES>No</REMOVEZEROENTRIES><AMOUNT>1340.02</AMOUNT></ALLLEDGERENTRIES.LIST><ALLLEDGERENTRIES.LIST><LEDGERNAME>SGST 6%</LEDGERNAME><ISDEEMEDPOSITIVE>No</ISDEEMEDPOSITIVE><REMOVEZEROENTRIES>No</REMOVEZEROENTRIES><AMOUNT>1340.02</AMOUNT></ALLLEDGERENTRIES.LIST><ALLLEDGERENTRIES.LIST><LEDGERNAME>Round off</LEDGERNAME><ISDEEMEDPOSITIVE>Yes</ISDEEMEDPOSITIVE><REMOVEZEROENTRIES>No</REMOVEZEROENTRIES><AMOUNT>-0.01</AMOUNT></ALLLEDGERENTRIES.LIST></VOUCHER></TALLYMESSAGE><TALLYMESSAGE><VOUCHER REMOTEID="3feed323-e41a-4413-970e-e32f83632746-WS1540toWS1584" VCHTYPE="Sales" ACTION="Create" OBJVIEW="Accounting Voucher View"><DATE>20231117</DATE><GUID>3feed323-e41a-4413-970e-e32f83632746-WS1540toWS1584</GUID><NARRATION>Replace with Narration</NARRATION><VOUCHERTYPENAME>Sales</VOUCHERTYPENAME><REFERENCE>WS1540toWS1584</REFERENCE><VOUCHERNUMBER>WS1540toWS1584</VOUCHERNUMBER><PERSISTEDVIEW>Accounting Voucher View</PERSISTEDVIEW><ALLLEDGERENTRIES.LIST><LEDGERNAME>Retail_Customer</LEDGERNAME><ISDEEMEDPOSITIVE>Yes</ISDEEMEDPOSITIVE><REMOVEZEROENTRIES>No</REMOVEZEROENTRIES><AMOUNT>-138727.0</AMOUNT></ALLLEDGERENTRIES.LIST><ALLLEDGERENTRIES.LIST><LEDGERNAME>Sales @ 5% GST</LEDGERNAME><ISDEEMEDPOSITIVE>No</ISDEEMEDPOSITIVE><REMOVEZEROENTRIES>No</REMOVEZEROENTRIES><AMOUNT>83248.61</AMOUNT></ALLLEDGERENTRIES.LIST><ALLLEDGERENTRIES.LIST><LEDGERNAME>CGST 2.5%</LEDGERNAME><ISDEEMEDPOSITIVE>No</ISDEEMEDPOSITIVE><REMOVEZEROENTRIES>No</REMOVEZEROENTRIES><AMOUNT>2081.2</AMOUNT></ALLLEDGERENTRIES.LIST><ALLLEDGERENTRIES.LIST><LEDGERNAME>SGST 2.5%</LEDGERNAME><ISDEEMEDPOSITIVE>No</ISDEEMEDPOSITIVE><REMOVEZEROENTRIES>No</REMOVEZEROENTRIES><AMOUNT>2081.2</AMOUNT></ALLLEDGERENTRIES.LIST><ALLLEDGERENTRIES.LIST><LEDGERNAME>Sales @ 12% GST</LEDGERNAME><ISDEEMEDPOSITIVE>No</ISDEEMEDPOSITIVE><REMOVEZEROENTRIES>No</REMOVEZEROENTRIES><AMOUNT>45817.86</AMOUNT></ALLLEDGERENTRIES.LIST><ALLLEDGERENTRIES.LIST><LEDGERNAME>CGST 6%</LEDGERNAME><ISDEEMEDPOSITIVE>No</ISDEEMEDPOSITIVE><REMOVEZEROENTRIES>No</REMOVEZEROENTRIES><AMOUNT>2749.07</AMOUNT></ALLLEDGERENTRIES.LIST><ALLLEDGERENTRIES.LIST><LEDGERNAME>SGST 6%</LEDGERNAME><ISDEEMEDPOSITIVE>No</ISDEEMEDPOSITIVE><REMOVEZEROENTRIES>No</REMOVEZEROENTRIES><AMOUNT>2749.07</AMOUNT></ALLLEDGERENTRIES.LIST><ALLLEDGERENTRIES.LIST><LEDGERNAME>Round off</LEDGERNAME><ISDEEMEDPOSITIVE>Yes</ISDEEMEDPOSITIVE><REMOVEZEROENTRIES>No</REMOVEZEROENTRIES><AMOUNT>-0.01</AMOUNT></ALLLEDGERENTRIES.LIST></VOUCHER></TALLYMESSAGE><TALLYMESSAGE><VOUCHER REMOTEID="3feed323-e41a-4413-970e-e32f83632746-WS1585toWS1628" VCHTYPE="Sales" ACTION="Create" OBJVIEW="Accounting Voucher View"><DATE>20231118</DATE><GUID>3feed323-e41a-4413-970e-e32f83632746-WS1585toWS1628</GUID><NARRATION>Replace with Narration</NARRATION><VOUCHERTYPENAME>Sales</VOUCHERTYPENAME><REFERENCE>WS1585toWS1628</REFERENCE><VOUCHERNUMBER>WS1585toWS1628</VOUCHERNUMBER><PERSISTEDVIEW>Accounting Voucher View</PERSISTEDVIEW><ALLLEDGERENTRIES.LIST><LEDGERNAME>Retail_Customer</LEDGERNAME><ISDEEMEDPOSITIVE>Yes</ISDEEMEDPOSITIVE><REMOVEZEROENTRIES>No</REMOVEZEROENTRIES><AMOUNT>-122904.0</AMOUNT></ALLLEDGERENTRIES.LIST><ALLLEDGERENTRIES.LIST><LEDGERNAME>Sales @ 5% GST</LEDGERNAME><ISDEEMEDPOSITIVE>No</ISDEEMEDPOSITIVE><REMOVEZEROENTRIES>No</REMOVEZEROENTRIES><AMOUNT>92810.52</AMOUNT></ALLLEDGERENTRIES.LIST><ALLLEDGERENTRIES.LIST><LEDGERNAME>CGST 2.5%</LEDGERNAME><ISDEEMEDPOSITIVE>No</ISDEEMEDPOSITIVE><REMOVEZEROENTRIES>No</REMOVEZEROENTRIES><AMOUNT>2320.24</AMOUNT></ALLLEDGERENTRIES.LIST><ALLLEDGERENTRIES.LIST><LEDGERNAME>SGST 2.5%</LEDGERNAME><ISDEEMEDPOSITIVE>No</ISDEEMEDPOSITIVE><REMOVEZEROENTRIES>No</REMOVEZEROENTRIES><AMOUNT>2320.24</AMOUNT></ALLLEDGERENTRIES.LIST><ALLLEDGERENTRIES.LIST><LEDGERNAME>Sales @ 12% GST</LEDGERNAME><ISDEEMEDPOSITIVE>No</ISDEEMEDPOSITIVE><REMOVEZEROENTRIES>No</REMOVEZEROENTRIES><AMOUNT>22725.93</AMOUNT></ALLLEDGERENTRIES.LIST><ALLLEDGERENTRIES.LIST><LEDGERNAME>CGST 6%</LEDGERNAME><ISDEEMEDPOSITIVE>No</ISDEEMEDPOSITIVE><REMOVEZEROENTRIES>No</REMOVEZEROENTRIES><AMOUNT>1363.54</AMOUNT></ALLLEDGERENTRIES.LIST><ALLLEDGERENTRIES.LIST><LEDGERNAME>SGST 6%</LEDGERNAME><ISDEEMEDPOSITIVE>No</ISDEEMEDPOSITIVE><REMOVEZEROENTRIES>No</REMOVEZEROENTRIES><AMOUNT>1363.54</AMOUNT></ALLLEDGERENTRIES.LIST><ALLLEDGERENTRIES.LIST><LEDGERNAME>Round off</LEDGERNAME><ISDEEMEDPOSITIVE>Yes</ISDEEMEDPOSITIVE><REMOVEZEROENTRIES>No</REMOVEZEROENTRIES><AMOUNT>-0.01</AMOUNT></ALLLEDGERENTRIES.LIST></VOUCHER></TALLYMESSAGE><TALLYMESSAGE><VOUCHER REMOTEID="3feed323-e41a-4413-970e-e32f83632746-WS1629toWS1666" VCHTYPE="Sales" ACTION="Create" OBJVIEW="Accounting Voucher View"><DATE>20231119</DATE><GUID>3feed323-e41a-4413-970e-e32f83632746-WS1629toWS1666</GUID><NARRATION>Replace with Narration</NARRATION><VOUCHERTYPENAME>Sales</VOUCHERTYPENAME><REFERENCE>WS1629toWS1666</REFERENCE><VOUCHERNUMBER>WS1629toWS1666</VOUCHERNUMBER><PERSISTEDVIEW>Accounting Voucher View</PERSISTEDVIEW><ALLLEDGERENTRIES.LIST><LEDGERNAME>Retail_Customer</LEDGERNAME><ISDEEMEDPOSITIVE>Yes</ISDEEMEDPOSITIVE><REMOVEZEROENTRIES>No</REMOVEZEROENTRIES><AMOUNT>-105164.0</AMOUNT></ALLLEDGERENTRIES.LIST><ALLLEDGERENTRIES.LIST><LEDGERNAME>Sales @ 5% GST</LEDGERNAME><ISDEEMEDPOSITIVE>No</ISDEEMEDPOSITIVE><REMOVEZEROENTRIES>No</REMOVEZEROENTRIES><AMOUNT>75258.1</AMOUNT></ALLLEDGERENTRIES.LIST><ALLLEDGERENTRIES.LIST><LEDGERNAME>CGST 2.5%</LEDGERNAME><ISDEEMEDPOSITIVE>No</ISDEEMEDPOSITIVE><REMOVEZEROENTRIES>No</REMOVEZEROENTRIES><AMOUNT>1881.45</AMOUNT></ALLLEDGERENTRIES.LIST><ALLLEDGERENTRIES.LIST><LEDGERNAME>SGST 2.5%</LEDGERNAME><ISDEEMEDPOSITIVE>No</ISDEEMEDPOSITIVE><REMOVEZEROENTRIES>No</REMOVEZEROENTRIES><AMOUNT>1881.45</AMOUNT></ALLLEDGERENTRIES.LIST><ALLLEDGERENTRIES.LIST><LEDGERNAME>Sales @ 12% GST</LEDGERNAME><ISDEEMEDPOSITIVE>No</ISDEEMEDPOSITIVE><REMOVEZEROENTRIES>No</REMOVEZEROENTRIES><AMOUNT>23341.98</AMOUNT></ALLLEDGERENTRIES.LIST><ALLLEDGERENTRIES.LIST><LEDGERNAME>CGST 6%</LEDGERNAME><ISDEEMEDPOSITIVE>No</ISDEEMEDPOSITIVE><REMOVEZEROENTRIES>No</REMOVEZEROENTRIES><AMOUNT>1400.51</AMOUNT></ALLLEDGERENTRIES.LIST><ALLLEDGERENTRIES.LIST><LEDGERNAME>SGST 6%</LEDGERNAME><ISDEEMEDPOSITIVE>No</ISDEEMEDPOSITIVE><REMOVEZEROENTRIES>No</REMOVEZEROENTRIES><AMOUNT>1400.51</AMOUNT></ALLLEDGERENTRIES.LIST><ALLLEDGERENTRIES.LIST><LEDGERNAME>Round off</LEDGERNAME><ISDEEMEDPOSITIVE>Yes</ISDEEMEDPOSITIVE><REMOVEZEROENTRIES>No</REMOVEZEROENTRIES><AMOUNT>-0.0</AMOUNT></ALLLEDGERENTRIES.LIST></VOUCHER></TALLYMESSAGE><TALLYMESSAGE><VOUCHER REMOTEID="3feed323-e41a-4413-970e-e32f83632746-WS1667toWS1690" VCHTYPE="Sales" ACTION="Create" OBJVIEW="Accounting Voucher View"><DATE>20231120</DATE><GUID>3feed323-e41a-4413-970e-e32f83632746-WS1667toWS1690</GUID><NARRATION>Replace with Narration</NARRATION><VOUCHERTYPENAME>Sales</VOUCHERTYPENAME><REFERENCE>WS1667toWS1690</REFERENCE><VOUCHERNUMBER>WS1667toWS1690</VOUCHERNUMBER><PERSISTEDVIEW>Accounting Voucher View</PERSISTEDVIEW><ALLLEDGERENTRIES.LIST><LEDGERNAME>Retail_Customer</LEDGERNAME><ISDEEMEDPOSITIVE>Yes</ISDEEMEDPOSITIVE><REMOVEZEROENTRIES>No</REMOVEZEROENTRIES><AMOUNT>-43082.0</AMOUNT></ALLLEDGERENTRIES.LIST><ALLLEDGERENTRIES.LIST><LEDGERNAME>Sales @ 5% GST</LEDGERNAME><ISDEEMEDPOSITIVE>No</ISDEEMEDPOSITIVE><REMOVEZEROENTRIES>No</REMOVEZEROENTRIES><AMOUNT>32759.08</AMOUNT></ALLLEDGERENTRIES.LIST><ALLLEDGERENTRIES.LIST><LEDGERNAME>CGST 2.5%</LEDGERNAME><ISDEEMEDPOSITIVE>No</ISDEEMEDPOSITIVE><REMOVEZEROENTRIES>No</REMOVEZEROENTRIES><AMOUNT>818.96</AMOUNT></ALLLEDGERENTRIES.LIST><ALLLEDGERENTRIES.LIST><LEDGERNAME>SGST 2.5%</LEDGERNAME><ISDEEMEDPOSITIVE>No</ISDEEMEDPOSITIVE><REMOVEZEROENTRIES>No</REMOVEZEROENTRIES><AMOUNT>818.96</AMOUNT></ALLLEDGERENTRIES.LIST><ALLLEDGERENTRIES.LIST><LEDGERNAME>Sales @ 12% GST</LEDGERNAME><ISDEEMEDPOSITIVE>No</ISDEEMEDPOSITIVE><REMOVEZEROENTRIES>No</REMOVEZEROENTRIES><AMOUNT>7754.46</AMOUNT></ALLLEDGERENTRIES.LIST><ALLLEDGERENTRIES.LIST><LEDGERNAME>CGST 6%</LEDGERNAME><ISDEEMEDPOSITIVE>No</ISDEEMEDPOSITIVE><REMOVEZEROENTRIES>No</REMOVEZEROENTRIES><AMOUNT>465.27</AMOUNT></ALLLEDGERENTRIES.LIST><ALLLEDGERENTRIES.LIST><LEDGERNAME>SGST 6%</LEDGERNAME><ISDEEMEDPOSITIVE>No</ISDEEMEDPOSITIVE><REMOVEZEROENTRIES>No</REMOVEZEROENTRIES><AMOUNT>465.27</AMOUNT></ALLLEDGERENTRIES.LIST><ALLLEDGERENTRIES.LIST><LEDGERNAME>Round off</LEDGERNAME><ISDEEMEDPOSITIVE>Yes</ISDEEMEDPOSITIVE><REMOVEZEROENTRIES>No</REMOVEZEROENTRIES><AMOUNT>0.0</AMOUNT></ALLLEDGERENTRIES.LIST></VOUCHER></TALLYMESSAGE><TALLYMESSAGE><VOUCHER REMOTEID="3feed323-e41a-4413-970e-e32f83632746-WS1691toWS1715" VCHTYPE="Sales" ACTION="Create" OBJVIEW="Accounting Voucher View"><DATE>20231121</DATE><GUID>3feed323-e41a-4413-970e-e32f83632746-WS1691toWS1715</GUID><NARRATION>Replace with Narration</NARRATION><VOUCHERTYPENAME>Sales</VOUCHERTYPENAME><REFERENCE>WS1691toWS1715</REFERENCE><VOUCHERNUMBER>WS1691toWS1715</VOUCHERNUMBER><PERSISTEDVIEW>Accounting Voucher View</PERSISTEDVIEW><ALLLEDGERENTRIES.LIST><LEDGERNAME>Retail_Customer</LEDGERNAME><ISDEEMEDPOSITIVE>Yes</ISDEEMEDPOSITIVE><REMOVEZEROENTRIES>No</REMOVEZEROENTRIES><AMOUNT>-38085.0</AMOUNT></ALLLEDGERENTRIES.LIST><ALLLEDGERENTRIES.LIST><LEDGERNAME>Sales @ 5% GST</LEDGERNAME><ISDEEMEDPOSITIVE>No</ISDEEMEDPOSITIVE><REMOVEZEROENTRIES>No</REMOVEZEROENTRIES><AMOUNT>33682.83</AMOUNT></ALLLEDGERENTRIES.LIST><ALLLEDGERENTRIES.LIST><LEDGERNAME>CGST 2.5%</LEDGERNAME><ISDEEMEDPOSITIVE>No</ISDEEMEDPOSITIVE><REMOVEZEROENTRIES>No</REMOVEZEROENTRIES><AMOUNT>842.08</AMOUNT></ALLLEDGERENTRIES.LIST><ALLLEDGERENTRIES.LIST><LEDGERNAME>SGST 2.5%</LEDGERNAME><ISDEEMEDPOSITIVE>No</ISDEEMEDPOSITIVE><REMOVEZEROENTRIES>No</REMOVEZEROENTRIES><AMOUNT>842.08</AMOUNT></ALLLEDGERENTRIES.LIST><ALLLEDGERENTRIES.LIST><LEDGERNAME>Sales @ 12% GST</LEDGERNAME><ISDEEMEDPOSITIVE>No</ISDEEMEDPOSITIVE><REMOVEZEROENTRIES>No</REMOVEZEROENTRIES><AMOUNT>2426.79</AMOUNT></ALLLEDGERENTRIES.LIST><ALLLEDGERENTRIES.LIST><LEDGERNAME>CGST 6%</LEDGERNAME><ISDEEMEDPOSITIVE>No</ISDEEMEDPOSITIVE><REMOVEZEROENTRIES>No</REMOVEZEROENTRIES><AMOUNT>145.6</AMOUNT></ALLLEDGERENTRIES.LIST><ALLLEDGERENTRIES.LIST><LEDGERNAME>SGST 6%</LEDGERNAME><ISDEEMEDPOSITIVE>No</ISDEEMEDPOSITIVE><REMOVEZEROENTRIES>No</REMOVEZEROENTRIES><AMOUNT>145.6</AMOUNT></ALLLEDGERENTRIES.LIST><ALLLEDGERENTRIES.LIST><LEDGERNAME>Round off</LEDGERNAME><ISDEEMEDPOSITIVE>No</ISDEEMEDPOSITIVE><REMOVEZEROENTRIES>No</REMOVEZEROENTRIES><AMOUNT>0.02</AMOUNT></ALLLEDGERENTRIES.LIST></VOUCHER></TALLYMESSAGE><TALLYMESSAGE><VOUCHER REMOTEID="3feed323-e41a-4413-970e-e32f83632746-WS1716toWS1739" VCHTYPE="Sales" ACTION="Create" OBJVIEW="Accounting Voucher View"><DATE>20231122</DATE><GUID>3feed323-e41a-4413-970e-e32f83632746-WS1716toWS1739</GUID><NARRATION>Replace with Narration</NARRATION><VOUCHERTYPENAME>Sales</VOUCHERTYPENAME><REFERENCE>WS1716toWS1739</REFERENCE><VOUCHERNUMBER>WS1716toWS1739</VOUCHERNUMBER><PERSISTEDVIEW>Accounting Voucher View</PERSISTEDVIEW><ALLLEDGERENTRIES.LIST><LEDGERNAME>Retail_Customer</LEDGERNAME><ISDEEMEDPOSITIVE>Yes</ISDEEMEDPOSITIVE><REMOVEZEROENTRIES>No</REMOVEZEROENTRIES><AMOUNT>-46511.0</AMOUNT></ALLLEDGERENTRIES.LIST><ALLLEDGERENTRIES.LIST><LEDGERNAME>Sales @ 5% GST</LEDGERNAME><ISDEEMEDPOSITIVE>No</ISDEEMEDPOSITIVE><REMOVEZEROENTRIES>No</REMOVEZEROENTRIES><AMOUNT>27696.24</AMOUNT></ALLLEDGERENTRIES.LIST><ALLLEDGERENTRIES.LIST><LEDGERNAME>CGST 2.5%</LEDGERNAME><ISDEEMEDPOSITIVE>No</ISDEEMEDPOSITIVE><REMOVEZEROENTRIES>No</REMOVEZEROENTRIES><AMOUNT>692.38</AMOUNT></ALLLEDGERENTRIES.LIST><ALLLEDGERENTRIES.LIST><LEDGERNAME>SGST 2.5%</LEDGERNAME><ISDEEMEDPOSITIVE>No</ISDEEMEDPOSITIVE><REMOVEZEROENTRIES>No</REMOVEZEROENTRIES><AMOUNT>692.38</AMOUNT></ALLLEDGERENTRIES.LIST><ALLLEDGERENTRIES.LIST><LEDGERNAME>Sales @ 12% GST</LEDGERNAME><ISDEEMEDPOSITIVE>No</ISDEEMEDPOSITIVE><REMOVEZEROENTRIES>No</REMOVEZEROENTRIES><AMOUNT>15562.5</AMOUNT></ALLLEDGERENTRIES.LIST><ALLLEDGERENTRIES.LIST><LEDGERNAME>CGST 6%</LEDGERNAME><ISDEEMEDPOSITIVE>No</ISDEEMEDPOSITIVE><REMOVEZEROENTRIES>No</REMOVEZEROENTRIES><AMOUNT>933.75</AMOUNT></ALLLEDGERENTRIES.LIST><ALLLEDGERENTRIES.LIST><LEDGERNAME>SGST 6%</LEDGERNAME><ISDEEMEDPOSITIVE>No</ISDEEMEDPOSITIVE><REMOVEZEROENTRIES>No</REMOVEZEROENTRIES><AMOUNT>933.75</AMOUNT></ALLLEDGERENTRIES.LIST><ALLLEDGERENTRIES.LIST><LEDGERNAME>Round off</LEDGERNAME><ISDEEMEDPOSITIVE>Yes</ISDEEMEDPOSITIVE><REMOVEZEROENTRIES>No</REMOVEZEROENTRIES><AMOUNT>-0.0</AMOUNT></ALLLEDGERENTRIES.LIST></VOUCHER></TALLYMESSAGE><TALLYMESSAGE><VOUCHER REMOTEID="3feed323-e41a-4413-970e-e32f83632746-WS1740toWS1775" VCHTYPE="Sales" ACTION="Create" OBJVIEW="Accounting Voucher View"><DATE>20231123</DATE><GUID>3feed323-e41a-4413-970e-e32f83632746-WS1740toWS1775</GUID><NARRATION>Replace with Narration</NARRATION><VOUCHERTYPENAME>Sales</VOUCHERTYPENAME><REFERENCE>WS1740toWS1775</REFERENCE><VOUCHERNUMBER>WS1740toWS1775</VOUCHERNUMBER><PERSISTEDVIEW>Accounting Voucher View</PERSISTEDVIEW><ALLLEDGERENTRIES.LIST><LEDGERNAME>Retail_Customer</LEDGERNAME><ISDEEMEDPOSITIVE>Yes</ISDEEMEDPOSITIVE><REMOVEZEROENTRIES>No</REMOVEZEROENTRIES><AMOUNT>-70167.0</AMOUNT></ALLLEDGERENTRIES.LIST><ALLLEDGERENTRIES.LIST><LEDGERNAME>Sales @ 5% GST</LEDGERNAME><ISDEEMEDPOSITIVE>No</ISDEEMEDPOSITIVE><REMOVEZEROENTRIES>No</REMOVEZEROENTRIES><AMOUNT>56260.98</AMOUNT></ALLLEDGERENTRIES.LIST><ALLLEDGERENTRIES.LIST><LEDGERNAME>CGST 2.5%</LEDGERNAME><ISDEEMEDPOSITIVE>No</ISDEEMEDPOSITIVE><REMOVEZEROENTRIES>No</REMOVEZEROENTRIES><AMOUNT>1406.51</AMOUNT></ALLLEDGERENTRIES.LIST><ALLLEDGERENTRIES.LIST><LEDGERNAME>SGST 2.5%</LEDGERNAME><ISDEEMEDPOSITIVE>No</ISDEEMEDPOSITIVE><REMOVEZEROENTRIES>No</REMOVEZEROENTRIES><AMOUNT>1406.51</AMOUNT></ALLLEDGERENTRIES.LIST><ALLLEDGERENTRIES.LIST><LEDGERNAME>Sales @ 12% GST</LEDGERNAME><ISDEEMEDPOSITIVE>No</ISDEEMEDPOSITIVE><REMOVEZEROENTRIES>No</REMOVEZEROENTRIES><AMOUNT>9904.47</AMOUNT></ALLLEDGERENTRIES.LIST><ALLLEDGERENTRIES.LIST><LEDGERNAME>CGST 6%</LEDGERNAME><ISDEEMEDPOSITIVE>No</ISDEEMEDPOSITIVE><REMOVEZEROENTRIES>No</REMOVEZEROENTRIES><AMOUNT>594.26</AMOUNT></ALLLEDGERENTRIES.LIST><ALLLEDGERENTRIES.LIST><LEDGERNAME>SGST 6%</LEDGERNAME><ISDEEMEDPOSITIVE>No</ISDEEMEDPOSITIVE><REMOVEZEROENTRIES>No</REMOVEZEROENTRIES><AMOUNT>594.26</AMOUNT></ALLLEDGERENTRIES.LIST><ALLLEDGERENTRIES.LIST><LEDGERNAME>Round off</LEDGERNAME><ISDEEMEDPOSITIVE>No</ISDEEMEDPOSITIVE><REMOVEZEROENTRIES>No</REMOVEZEROENTRIES><AMOUNT>0.01</AMOUNT></ALLLEDGERENTRIES.LIST></VOUCHER></TALLYMESSAGE><TALLYMESSAGE><VOUCHER REMOTEID="3feed323-e41a-4413-970e-e32f83632746-WS1776toWS1802" VCHTYPE="Sales" ACTION="Create" OBJVIEW="Accounting Voucher View"><DATE>20231124</DATE><GUID>3feed323-e41a-4413-970e-e32f83632746-WS1776toWS1802</GUID><NARRATION>Replace with Narration</NARRATION><VOUCHERTYPENAME>Sales</VOUCHERTYPENAME><REFERENCE>WS1776toWS1802</REFERENCE><VOUCHERNUMBER>WS1776toWS1802</VOUCHERNUMBER><PERSISTEDVIEW>Accounting Voucher View</PERSISTEDVIEW><ALLLEDGERENTRIES.LIST><LEDGERNAME>Retail_Customer</LEDGERNAME><ISDEEMEDPOSITIVE>Yes</ISDEEMEDPOSITIVE><REMOVEZEROENTRIES>No</REMOVEZEROENTRIES><AMOUNT>-77164.0</AMOUNT></ALLLEDGERENTRIES.LIST><ALLLEDGERENTRIES.LIST><LEDGERNAME>Sales @ 5% GST</LEDGERNAME><ISDEEMEDPOSITIVE>No</ISDEEMEDPOSITIVE><REMOVEZEROENTRIES>No</REMOVEZEROENTRIES><AMOUNT>50264.75</AMOUNT></ALLLEDGERENTRIES.LIST><ALLLEDGERENTRIES.LIST><LEDGERNAME>CGST 2.5%</LEDGERNAME><ISDEEMEDPOSITIVE>No</ISDEEMEDPOSITIVE><REMOVEZEROENTRIES>No</REMOVEZEROENTRIES><AMOUNT>1256.62</AMOUNT></ALLLEDGERENTRIES.LIST><ALLLEDGERENTRIES.LIST><LEDGERNAME>SGST 2.5%</LEDGERNAME><ISDEEMEDPOSITIVE>No</ISDEEMEDPOSITIVE><REMOVEZEROENTRIES>No</REMOVEZEROENTRIES><AMOUNT>1256.62</AMOUNT></ALLLEDGERENTRIES.LIST><ALLLEDGERENTRIES.LIST><LEDGERNAME>Sales @ 12% GST</LEDGERNAME><ISDEEMEDPOSITIVE>No</ISDEEMEDPOSITIVE><REMOVEZEROENTRIES>No</REMOVEZEROENTRIES><AMOUNT>21773.21</AMOUNT></ALLLEDGERENTRIES.LIST><ALLLEDGERENTRIES.LIST><LEDGERNAME>CGST 6%</LEDGERNAME><ISDEEMEDPOSITIVE>No</ISDEEMEDPOSITIVE><REMOVEZEROENTRIES>No</REMOVEZEROENTRIES><AMOUNT>1306.4</AMOUNT></ALLLEDGERENTRIES.LIST><ALLLEDGERENTRIES.LIST><LEDGERNAME>SGST 6%</LEDGERNAME><ISDEEMEDPOSITIVE>No</ISDEEMEDPOSITIVE><REMOVEZEROENTRIES>No</REMOVEZEROENTRIES><AMOUNT>1306.4</AMOUNT></ALLLEDGERENTRIES.LIST><ALLLEDGERENTRIES.LIST><LEDGERNAME>Round off</LEDGERNAME><ISDEEMEDPOSITIVE>Yes</ISDEEMEDPOSITIVE><REMOVEZEROENTRIES>No</REMOVEZEROENTRIES><AMOUNT>0.0</AMOUNT></ALLLEDGERENTRIES.LIST></VOUCHER></TALLYMESSAGE><TALLYMESSAGE><VOUCHER REMOTEID="3feed323-e41a-4413-970e-e32f83632746-WS1803toWS1847" VCHTYPE="Sales" ACTION="Create" OBJVIEW="Accounting Voucher View"><DATE>20231125</DATE><GUID>3feed323-e41a-4413-970e-e32f83632746-WS1803toWS1847</GUID><NARRATION>Replace with Narration</NARRATION><VOUCHERTYPENAME>Sales</VOUCHERTYPENAME><REFERENCE>WS1803toWS1847</REFERENCE><VOUCHERNUMBER>WS1803toWS1847</VOUCHERNUMBER><PERSISTEDVIEW>Accounting Voucher View</PERSISTEDVIEW><ALLLEDGERENTRIES.LIST><LEDGERNAME>Retail_Customer</LEDGERNAME><ISDEEMEDPOSITIVE>Yes</ISDEEMEDPOSITIVE><REMOVEZEROENTRIES>No</REMOVEZEROENTRIES><AMOUNT>-116896.0</AMOUNT></ALLLEDGERENTRIES.LIST><ALLLEDGERENTRIES.LIST><LEDGERNAME>Sales @ 5% GST</LEDGERNAME><ISDEEMEDPOSITIVE>No</ISDEEMEDPOSITIVE><REMOVEZEROENTRIES>No</REMOVEZEROENTRIES><AMOUNT>74441.95</AMOUNT></ALLLEDGERENTRIES.LIST><ALLLEDGERENTRIES.LIST><LEDGERNAME>CGST 2.5%</LEDGERNAME><ISDEEMEDPOSITIVE>No</ISDEEMEDPOSITIVE><REMOVEZEROENTRIES>No</REMOVEZEROENTRIES><AMOUNT>1861.02</AMOUNT></ALLLEDGERENTRIES.LIST><ALLLEDGERENTRIES.LIST><LEDGERNAME>SGST 2.5%</LEDGERNAME><ISDEEMEDPOSITIVE>No</ISDEEMEDPOSITIVE><REMOVEZEROENTRIES>No</REMOVEZEROENTRIES><AMOUNT>1861.02</AMOUNT></ALLLEDGERENTRIES.LIST><ALLLEDGERENTRIES.LIST><LEDGERNAME>Sales @ 12% GST</LEDGERNAME><ISDEEMEDPOSITIVE>No</ISDEEMEDPOSITIVE><REMOVEZEROENTRIES>No</REMOVEZEROENTRIES><AMOUNT>34582.13</AMOUNT></ALLLEDGERENTRIES.LIST><ALLLEDGERENTRIES.LIST><LEDGERNAME>CGST 6%</LEDGERNAME><ISDEEMEDPOSITIVE>No</ISDEEMEDPOSITIVE><REMOVEZEROENTRIES>No</REMOVEZEROENTRIES><AMOUNT>2074.94</AMOUNT></ALLLEDGERENTRIES.LIST><ALLLEDGERENTRIES.LIST><LEDGERNAME>SGST 6%</LEDGERNAME><ISDEEMEDPOSITIVE>No</ISDEEMEDPOSITIVE><REMOVEZEROENTRIES>No</REMOVEZEROENTRIES><AMOUNT>2074.94</AMOUNT></ALLLEDGERENTRIES.LIST><ALLLEDGERENTRIES.LIST><LEDGERNAME>Round off</LEDGERNAME><ISDEEMEDPOSITIVE>Yes</ISDEEMEDPOSITIVE><REMOVEZEROENTRIES>No</REMOVEZEROENTRIES><AMOUNT>0.0</AMOUNT></ALLLEDGERENTRIES.LIST></VOUCHER></TALLYMESSAGE><TALLYMESSAGE><VOUCHER REMOTEID="3feed323-e41a-4413-970e-e32f83632746-WS1848toWS1886" VCHTYPE="Sales" ACTION="Create" OBJVIEW="Accounting Voucher View"><DATE>20231126</DATE><GUID>3feed323-e41a-4413-970e-e32f83632746-WS1848toWS1886</GUID><NARRATION>Replace with Narration</NARRATION><VOUCHERTYPENAME>Sales</VOUCHERTYPENAME><REFERENCE>WS1848toWS1886</REFERENCE><VOUCHERNUMBER>WS1848toWS1886</VOUCHERNUMBER><PERSISTEDVIEW>Accounting Voucher View</PERSISTEDVIEW><ALLLEDGERENTRIES.LIST><LEDGERNAME>Retail_Customer</LEDGERNAME><ISDEEMEDPOSITIVE>Yes</ISDEEMEDPOSITIVE><REMOVEZEROENTRIES>No</REMOVEZEROENTRIES><AMOUNT>-103834.0</AMOUNT></ALLLEDGERENTRIES.LIST><ALLLEDGERENTRIES.LIST><LEDGERNAME>Sales @ 5% GST</LEDGERNAME><ISDEEMEDPOSITIVE>No</ISDEEMEDPOSITIVE><REMOVEZEROENTRIES>No</REMOVEZEROENTRIES><AMOUNT>66767.73</AMOUNT></ALLLEDGERENTRIES.LIST><ALLLEDGERENTRIES.LIST><LEDGERNAME>CGST 2.5%</LEDGERNAME><ISDEEMEDPOSITIVE>No</ISDEEMEDPOSITIVE><REMOVEZEROENTRIES>No</REMOVEZEROENTRIES><AMOUNT>1669.14</AMOUNT></ALLLEDGERENTRIES.LIST><ALLLEDGERENTRIES.LIST><LEDGERNAME>SGST 2.5%</LEDGERNAME><ISDEEMEDPOSITIVE>No</ISDEEMEDPOSITIVE><REMOVEZEROENTRIES>No</REMOVEZEROENTRIES><AMOUNT>1669.14</AMOUNT></ALLLEDGERENTRIES.LIST><ALLLEDGERENTRIES.LIST><LEDGERNAME>Sales @ 12% GST</LEDGERNAME><ISDEEMEDPOSITIVE>No</ISDEEMEDPOSITIVE><REMOVEZEROENTRIES>No</REMOVEZEROENTRIES><AMOUNT>30114.3</AMOUNT></ALLLEDGERENTRIES.LIST><ALLLEDGERENTRIES.LIST><LEDGERNAME>CGST 6%</LEDGERNAME><ISDEEMEDPOSITIVE>No</ISDEEMEDPOSITIVE><REMOVEZEROENTRIES>No</REMOVEZEROENTRIES><AMOUNT>1806.85</AMOUNT></ALLLEDGERENTRIES.LIST><ALLLEDGERENTRIES.LIST><LEDGERNAME>SGST 6%</LEDGERNAME><ISDEEMEDPOSITIVE>No</ISDEEMEDPOSITIVE><REMOVEZEROENTRIES>No</REMOVEZEROENTRIES><AMOUNT>1806.85</AMOUNT></ALLLEDGERENTRIES.LIST><ALLLEDGERENTRIES.LIST><LEDGERNAME>Round off</LEDGERNAME><ISDEEMEDPOSITIVE>Yes</ISDEEMEDPOSITIVE><REMOVEZEROENTRIES>No</REMOVEZEROENTRIES><AMOUNT>-0.01</AMOUNT></ALLLEDGERENTRIES.LIST></VOUCHER></TALLYMESSAGE><TALLYMESSAGE><VOUCHER REMOTEID="3feed323-e41a-4413-970e-e32f83632746-WS1887toWS1911" VCHTYPE="Sales" ACTION="Create" OBJVIEW="Accounting Voucher View"><DATE>20231127</DATE><GUID>3feed323-e41a-4413-970e-e32f83632746-WS1887toWS1911</GUID><NARRATION>Replace with Narration</NARRATION><VOUCHERTYPENAME>Sales</VOUCHERTYPENAME><REFERENCE>WS1887toWS1911</REFERENCE><VOUCHERNUMBER>WS1887toWS1911</VOUCHERNUMBER><PERSISTEDVIEW>Accounting Voucher View</PERSISTEDVIEW><ALLLEDGERENTRIES.LIST><LEDGERNAME>Retail_Customer</LEDGERNAME><ISDEEMEDPOSITIVE>Yes</ISDEEMEDPOSITIVE><REMOVEZEROENTRIES>No</REMOVEZEROENTRIES><AMOUNT>-44326.0</AMOUNT></ALLLEDGERENTRIES.LIST><ALLLEDGERENTRIES.LIST><LEDGERNAME>Sales @ 5% GST</LEDGERNAME><ISDEEMEDPOSITIVE>No</ISDEEMEDPOSITIVE><REMOVEZEROENTRIES>No</REMOVEZEROENTRIES><AMOUNT>27558.09</AMOUNT></ALLLEDGERENTRIES.LIST><ALLLEDGERENTRIES.LIST><LEDGERNAME>CGST 2.5%</LEDGERNAME><ISDEEMEDPOSITIVE>No</ISDEEMEDPOSITIVE><REMOVEZEROENTRIES>No</REMOVEZEROENTRIES><AMOUNT>688.96</AMOUNT></ALLLEDGERENTRIES.LIST><ALLLEDGERENTRIES.LIST><LEDGERNAME>SGST 2.5%</LEDGERNAME><ISDEEMEDPOSITIVE>No</ISDEEMEDPOSITIVE><REMOVEZEROENTRIES>No</REMOVEZEROENTRIES><AMOUNT>688.96</AMOUNT></ALLLEDGERENTRIES.LIST><ALLLEDGERENTRIES.LIST><LEDGERNAME>Sales @ 12% GST</LEDGERNAME><ISDEEMEDPOSITIVE>No</ISDEEMEDPOSITIVE><REMOVEZEROENTRIES>No</REMOVEZEROENTRIES><AMOUNT>13741.07</AMOUNT></ALLLEDGERENTRIES.LIST><ALLLEDGERENTRIES.LIST><LEDGERNAME>CGST 6%</LEDGERNAME><ISDEEMEDPOSITIVE>No</ISDEEMEDPOSITIVE><REMOVEZEROENTRIES>No</REMOVEZEROENTRIES><AMOUNT>824.46</AMOUNT></ALLLEDGERENTRIES.LIST><ALLLEDGERENTRIES.LIST><LEDGERNAME>SGST 6%</LEDGERNAME><ISDEEMEDPOSITIVE>No</ISDEEMEDPOSITIVE><REMOVEZEROENTRIES>No</REMOVEZEROENTRIES><AMOUNT>824.46</AMOUNT></ALLLEDGERENTRIES.LIST><ALLLEDGERENTRIES.LIST><LEDGERNAME>Round off</LEDGERNAME><ISDEEMEDPOSITIVE>Yes</ISDEEMEDPOSITIVE><REMOVEZEROENTRIES>No</REMOVEZEROENTRIES><AMOUNT>0.0</AMOUNT></ALLLEDGERENTRIES.LIST></VOUCHER></TALLYMESSAGE><TALLYMESSAGE><VOUCHER REMOTEID="3feed323-e41a-4413-970e-e32f83632746-WS1912toWS1942" VCHTYPE="Sales" ACTION="Create" OBJVIEW="Accounting Voucher View"><DATE>20231128</DATE><GUID>3feed323-e41a-4413-970e-e32f83632746-WS1912toWS1942</GUID><NARRATION>Replace with Narration</NARRATION><VOUCHERTYPENAME>Sales</VOUCHERTYPENAME><REFERENCE>WS1912toWS1942</REFERENCE><VOUCHERNUMBER>WS1912toWS1942</VOUCHERNUMBER><PERSISTEDVIEW>Accounting Voucher View</PERSISTEDVIEW><ALLLEDGERENTRIES.LIST><LEDGERNAME>Retail_Customer</LEDGERNAME><ISDEEMEDPOSITIVE>Yes</ISDEEMEDPOSITIVE><REMOVEZEROENTRIES>No</REMOVEZEROENTRIES><AMOUNT>-49239.0</AMOUNT></ALLLEDGERENTRIES.LIST><ALLLEDGERENTRIES.LIST><LEDGERNAME>Sales @ 5% GST</LEDGERNAME><ISDEEMEDPOSITIVE>No</ISDEEMEDPOSITIVE><REMOVEZEROENTRIES>No</REMOVEZEROENTRIES><AMOUNT>37823.88</AMOUNT></ALLLEDGERENTRIES.LIST><ALLLEDGERENTRIES.LIST><LEDGERNAME>CGST 2.5%</LEDGERNAME><ISDEEMEDPOSITIVE>No</ISDEEMEDPOSITIVE><REMOVEZEROENTRIES>No</REMOVEZEROENTRIES><AMOUNT>945.56</AMOUNT></ALLLEDGERENTRIES.LIST><ALLLEDGERENTRIES.LIST><LEDGERNAME>SGST 2.5%</LEDGERNAME><ISDEEMEDPOSITIVE>No</ISDEEMEDPOSITIVE><REMOVEZEROENTRIES>No</REMOVEZEROENTRIES><AMOUNT>945.56</AMOUNT></ALLLEDGERENTRIES.LIST><ALLLEDGERENTRIES.LIST><LEDGERNAME>Sales @ 12% GST</LEDGERNAME><ISDEEMEDPOSITIVE>No</ISDEEMEDPOSITIVE><REMOVEZEROENTRIES>No</REMOVEZEROENTRIES><AMOUNT>8503.57</AMOUNT></ALLLEDGERENTRIES.LIST><ALLLEDGERENTRIES.LIST><LEDGERNAME>CGST 6%</LEDGERNAME><ISDEEMEDPOSITIVE>No</ISDEEMEDPOSITIVE><REMOVEZEROENTRIES>No</REMOVEZEROENTRIES><AMOUNT>510.22</AMOUNT></ALLLEDGERENTRIES.LIST><ALLLEDGERENTRIES.LIST><LEDGERNAME>SGST 6%</LEDGERNAME><ISDEEMEDPOSITIVE>No</ISDEEMEDPOSITIVE><REMOVEZEROENTRIES>No</REMOVEZEROENTRIES><AMOUNT>510.22</AMOUNT></ALLLEDGERENTRIES.LIST><ALLLEDGERENTRIES.LIST><LEDGERNAME>Round off</LEDGERNAME><ISDEEMEDPOSITIVE>Yes</ISDEEMEDPOSITIVE><REMOVEZEROENTRIES>No</REMOVEZEROENTRIES><AMOUNT>-0.01</AMOUNT></ALLLEDGERENTRIES.LIST></VOUCHER></TALLYMESSAGE><TALLYMESSAGE><VOUCHER REMOTEID="3feed323-e41a-4413-970e-e32f83632746-WS1943toWS1967" VCHTYPE="Sales" ACTION="Create" OBJVIEW="Accounting Voucher View"><DATE>20231129</DATE><GUID>3feed323-e41a-4413-970e-e32f83632746-WS1943toWS1967</GUID><NARRATION>Replace with Narration</NARRATION><VOUCHERTYPENAME>Sales</VOUCHERTYPENAME><REFERENCE>WS1943toWS1967</REFERENCE><VOUCHERNUMBER>WS1943toWS1967</VOUCHERNUMBER><PERSISTEDVIEW>Accounting Voucher View</PERSISTEDVIEW><ALLLEDGERENTRIES.LIST><LEDGERNAME>Retail_Customer</LEDGERNAME><ISDEEMEDPOSITIVE>Yes</ISDEEMEDPOSITIVE><REMOVEZEROENTRIES>No</REMOVEZEROENTRIES><AMOUNT>-64405.0</AMOUNT></ALLLEDGERENTRIES.LIST><ALLLEDGERENTRIES.LIST><LEDGERNAME>Sales @ 5% GST</LEDGERNAME><ISDEEMEDPOSITIVE>No</ISDEEMEDPOSITIVE><REMOVEZEROENTRIES>No</REMOVEZEROENTRIES><AMOUNT>44178.12</AMOUNT></ALLLEDGERENTRIES.LIST><ALLLEDGERENTRIES.LIST><LEDGERNAME>CGST 2.5%</LEDGERNAME><ISDEEMEDPOSITIVE>No</ISDEEMEDPOSITIVE><REMOVEZEROENTRIES>No</REMOVEZEROENTRIES><AMOUNT>1104.44</AMOUNT></ALLLEDGERENTRIES.LIST><ALLLEDGERENTRIES.LIST><LEDGERNAME>SGST 2.5%</LEDGERNAME><ISDEEMEDPOSITIVE>No</ISDEEMEDPOSITIVE><REMOVEZEROENTRIES>No</REMOVEZEROENTRIES><AMOUNT>1104.44</AMOUNT></ALLLEDGERENTRIES.LIST><ALLLEDGERENTRIES.LIST><LEDGERNAME>Sales @ 12% GST</LEDGERNAME><ISDEEMEDPOSITIVE>No</ISDEEMEDPOSITIVE><REMOVEZEROENTRIES>No</REMOVEZEROENTRIES><AMOUNT>16087.49</AMOUNT></ALLLEDGERENTRIES.LIST><ALLLEDGERENTRIES.LIST><LEDGERNAME>CGST 6%</LEDGERNAME><ISDEEMEDPOSITIVE>No</ISDEEMEDPOSITIVE><REMOVEZEROENTRIES>No</REMOVEZEROENTRIES><AMOUNT>965.26</AMOUNT></ALLLEDGERENTRIES.LIST><ALLLEDGERENTRIES.LIST><LEDGERNAME>SGST 6%</LEDGERNAME><ISDEEMEDPOSITIVE>No</ISDEEMEDPOSITIVE><REMOVEZEROENTRIES>No</REMOVEZEROENTRIES><AMOUNT>965.26</AMOUNT></ALLLEDGERENTRIES.LIST><ALLLEDGERENTRIES.LIST><LEDGERNAME>Round off</LEDGERNAME><ISDEEMEDPOSITIVE>Yes</ISDEEMEDPOSITIVE><REMOVEZEROENTRIES>No</REMOVEZEROENTRIES><AMOUNT>-0.01</AMOUNT></ALLLEDGERENTRIES.LIST></VOUCHER></TALLYMESSAGE><TALLYMESSAGE><VOUCHER REMOTEID="3feed323-e41a-4413-970e-e32f83632746-WS1968toWS1996" VCHTYPE="Sales" ACTION="Create" OBJVIEW="Accounting Voucher View"><DATE>20231130</DATE><GUID>3feed323-e41a-4413-970e-e32f83632746-WS1968toWS1996</GUID><NARRATION>Replace with Narration</NARRATION><VOUCHERTYPENAME>Sales</VOUCHERTYPENAME><REFERENCE>WS1968toWS1996</REFERENCE><VOUCHERNUMBER>WS1968toWS1996</VOUCHERNUMBER><PERSISTEDVIEW>Accounting Voucher View</PERSISTEDVIEW><ALLLEDGERENTRIES.LIST><LEDGERNAME>Retail_Customer</LEDGERNAME><ISDEEMEDPOSITIVE>Yes</ISDEEMEDPOSITIVE><REMOVEZEROENTRIES>No</REMOVEZEROENTRIES><AMOUNT>-66498.0</AMOUNT></ALLLEDGERENTRIES.LIST><ALLLEDGERENTRIES.LIST><LEDGERNAME>Sales @ 5% GST</LEDGERNAME><ISDEEMEDPOSITIVE>No</ISDEEMEDPOSITIVE><REMOVEZEROENTRIES>No</REMOVEZEROENTRIES><AMOUNT>42127.66</AMOUNT></ALLLEDGERENTRIES.LIST><ALLLEDGERENTRIES.LIST><LEDGERNAME>CGST 2.5%</LEDGERNAME><ISDEEMEDPOSITIVE>No</ISDEEMEDPOSITIVE><REMOVEZEROENTRIES>No</REMOVEZEROENTRIES><AMOUNT>1053.17</AMOUNT></ALLLEDGERENTRIES.LIST><ALLLEDGERENTRIES.LIST><LEDGERNAME>SGST 2.5%</LEDGERNAME><ISDEEMEDPOSITIVE>No</ISDEEMEDPOSITIVE><REMOVEZEROENTRIES>No</REMOVEZEROENTRIES><AMOUNT>1053.17</AMOUNT></ALLLEDGERENTRIES.LIST><ALLLEDGERENTRIES.LIST><LEDGERNAME>Sales @ 12% GST</LEDGERNAME><ISDEEMEDPOSITIVE>No</ISDEEMEDPOSITIVE><REMOVEZEROENTRIES>No</REMOVEZEROENTRIES><AMOUNT>19878.59</AMOUNT></ALLLEDGERENTRIES.LIST><ALLLEDGERENTRIES.LIST><LEDGERNAME>CGST 6%</LEDGERNAME><ISDEEMEDPOSITIVE>No</ISDEEMEDPOSITIVE><REMOVEZEROENTRIES>No</REMOVEZEROENTRIES><AMOUNT>1192.7</AMOUNT></ALLLEDGERENTRIES.LIST><ALLLEDGERENTRIES.LIST><LEDGERNAME>SGST 6%</LEDGERNAME><ISDEEMEDPOSITIVE>No</ISDEEMEDPOSITIVE><REMOVEZEROENTRIES>No</REMOVEZEROENTRIES><AMOUNT>1192.7</AMOUNT></ALLLEDGERENTRIES.LIST><ALLLEDGERENTRIES.LIST><LEDGERNAME>Round off</LEDGERNAME><ISDEEMEDPOSITIVE>No</ISDEEMEDPOSITIVE><REMOVEZEROENTRIES>No</REMOVEZEROENTRIES><AMOUNT>0.01</AMOUNT></ALLLEDGERENTRIES.LIST></VOUCHER></TALLYMESSAGE></REQUESTDATA></IMPORTDATA></BODY></ENVELOPE>